store_id,type,store_type,type2,size,price,price_per_oz,price_per_oz_c,taxed,supp,time,product_id
16,WATER,2,,33.8,1.69,0.05,5,0,0,DEC2014,29
16,TEA,2,,23,0.99,0.043043478,4.304347826,1,0,DEC2014,32
16,TEA,2,,23,0.99,0.043043478,4.304347826,1,0,DEC2014,33
16,WATER,2,,33.8,1.69,0.05,5,0,0,DEC2014,38
16,MILK,2,LOW FAT MILK,128,3.79,0.029609375,2.9609375,0,0,DEC2014,40
16,MILK,2,LOW FAT MILK,64,2.79,0.04359375,4.359375,0,0,DEC2014,41
16,MILK,2,WHOLE MILK,128,3.79,0.029609375,2.9609375,0,0,DEC2014,42
16,MILK,2,WHOLE MILK,64,2.79,0.04359375,4.359375,0,0,DEC2014,43
16,JUICE,2,,63.9,4.59,0.071830986,7.183098592,0,0,DEC2014,44
16,SODA,2,,144,5.99,0.041597222,4.159722222,1,1,DEC2014,50
16,SODA,2,,20,1.89,0.0945,9.45,1,0,DEC2014,59
16,SODA,2,,67.6,2.49,0.03683432,3.683431953,1,0,DEC2014,60
16,SODA-DIET,2,,20,1.89,0.0945,9.45,0,0,DEC2014,61
16,SODA-DIET,2,,144,5.99,0.041597222,4.159722222,0,1,DEC2014,81
16,SODA-DIET,2,,144,5.99,0.041597222,4.159722222,0,1,DEC2014,91
16,SODA-DIET,2,,67.6,2.49,0.03683432,3.683431953,0,0,DEC2014,97
16,SODA-DIET,2,,67.6,2.49,0.03683432,3.683431953,0,0,DEC2014,98
16,SODA-DIET,2,,67.6,2.49,0.03683432,3.683431953,0,0,DEC2014,100
16,SODA-DIET,2,,12,0.99,0.0825,8.25,0,0,DEC2014,104
16,SODA-DIET,2,,20,1.89,0.0945,9.45,0,0,DEC2014,105
16,ENERGY-DIET,2,,6,2.59,0.431666667,43.16666667,0,0,DEC2014,108
16,SODA-DIET,2,,20,1.89,0.0945,9.45,0,0,DEC2014,110
16,SODA-DIET,2,,20,1.89,0.0945,9.45,0,0,DEC2014,112
16,ENERGY-DIET,2,,8.4,2.49,0.296428571,29.64285714,0,0,DEC2014,113
16,ENERGY-DIET,2,,6,2.19,0.365,36.5,0,0,DEC2014,114
16,SODA,2,,67.6,2.49,0.03683432,3.683431953,1,0,DEC2014,125
16,SODA,2,,12,0.99,0.0825,8.25,1,0,DEC2014,126
16,SODA,2,,20,1.89,0.0945,9.45,1,1,DEC2014,130
16,SPORT,2,,28,1.49,0.053214286,5.321428571,1,0,DEC2014,140
16,MILK,2,WHOLE MILK,128,4.79,0.037421875,3.7421875,0,0,DEC2014,145
16,JUICE,2,,15.2,2.29,0.150657895,15.06578947,0,0,DEC2014,160
16,ENERGY,2,,6,2.59,0.431666667,43.16666667,1,0,DEC2014,162
16,SODA,2,,20,1.89,0.0945,9.45,1,0,DEC2014,172
16,SODA,2,,144,5.99,0.041597222,4.159722222,1,1,DEC2014,181
16,SODA,2,,20,1.89,0.0945,9.45,1,0,DEC2014,189
16,SODA,2,,67.6,2.49,0.03683432,3.683431953,1,0,DEC2014,190
16,ENERGY,2,,8.4,2.49,0.296428571,29.64285714,1,0,DEC2014,193
16,ENERGY,2,,6,2.19,0.365,36.5,1,0,DEC2014,195
16,TEA,2,,6,3.49,0.581666667,58.16666667,1,0,DEC2014,196
16,SODA,2,,144,5.99,0.041597222,4.159722222,1,1,DEC2014,16
16,SODA,2,,12,0.99,0.0825,8.25,1,0,DEC2014,213
16,SODA,2,,20,1.89,0.0945,9.45,1,0,DEC2014,214
16,SODA,2,,67.6,2.49,0.03683432,3.683431953,1,0,DEC2014,215
16,SODA,2,,20,1.99,0.0995,9.95,1,0,DEC2014,219
16,JUICE,2,,12,1.99,0.165833333,16.58333333,0,0,DEC2014,230
16,JUICE,2,COCONUT WATER,16.9,2.99,0.176923077,17.69230769,0,0,DEC2014,232
6,TEA,4,,23,1.69,0.073478261,7.347826087,1,0,DEC2014,32
6,TEA,4,,23,1.69,0.073478261,7.347826087,1,0,DEC2014,33
6,MILK,4,WHOLE MILK,64,2.99,0.04671875,4.671875,0,0,DEC2014,43
6,SODA,4,,20,1.59,0.0795,7.95,1,0,DEC2014,59
6,WATER,4,,23.6,1.59,0.067372881,6.737288136,0,0,DEC2014,77
6,SODA-DIET,4,,20,1.59,0.0795,7.95,0,0,DEC2014,105
6,ENERGY-DIET,4,,6,2.29,0.381666667,38.16666667,0,0,DEC2014,108
6,SODA-DIET,4,,20,1.69,0.0845,8.45,0,0,DEC2014,110
6,SODA-DIET,4,,20,1.69,0.0845,8.45,0,0,DEC2014,112
6,ENERGY-DIET,4,,8.4,2.59,0.308333333,30.83333333,0,0,DEC2014,113
6,ENERGY-DIET,4,,6,2.29,0.381666667,38.16666667,0,0,DEC2014,114
6,SODA,4,,20,1.69,0.0845,8.45,1,1,DEC2014,119
6,SODA,4,,20,1.69,0.0845,8.45,1,1,DEC2014,130
6,SPORT,4,,28,1.99,0.071071429,7.107142857,1,0,DEC2014,140
6,JUICE,4,,15.2,1.85,0.121710526,12.17105263,0,0,DEC2014,160
6,ENERGY,4,,6,2.29,0.381666667,38.16666667,1,0,DEC2014,162
6,SODA,4,,20,1.69,0.0845,8.45,1,0,DEC2014,172
6,SODA,4,,20,1.69,0.0845,8.45,1,0,DEC2014,189
6,ENERGY,4,,8.4,2.59,0.308333333,30.83333333,1,0,DEC2014,193
6,ENERGY,4,,6,2.29,0.381666667,38.16666667,1,0,DEC2014,195
6,SODA,4,,20,0.99,0.0495,4.95,1,0,DEC2014,219
6,JUICE DRINK,4,,16,1.59,0.099375,9.9375,1,1,DEC2014,220
6,JUICE,4,COCONUT WATER,16.9,2.89,0.171005917,17.10059172,0,0,DEC2014,232
10,WATER,2,,33.8,1.75,0.051775148,5.177514793,0,0,DEC2014,29
10,TEA,2,,23,0.99,0.043043478,4.304347826,1,0,DEC2014,32
10,TEA,2,,23,0.99,0.043043478,4.304347826,1,0,DEC2014,33
10,MILK,2,WHOLE MILK,128,4.99,0.038984375,3.8984375,0,0,DEC2014,42
10,MILK,2,WHOLE MILK,64,2.99,0.04671875,4.671875,0,0,DEC2014,43
10,JUICE,2,,63.9,3.99,0.062441315,6.244131455,0,0,DEC2014,44
10,JUICE,2,COCONUT WATER,17,2.5,0.147058824,14.70588235,0,1,DEC2014,4
10,SODA-DIET,2,,16,1.99,0.124375,12.4375,0,1,DEC2014,51
10,SODA,2,,12,0.75,0.0625,6.25,1,0,DEC2014,58
10,SODA,2,,20,1.75,0.0875,8.75,1,0,DEC2014,59
10,SODA,2,,67.6,2.5,0.036982249,3.698224852,1,0,DEC2014,60
10,WATER,2,,33.8,2,0.059171598,5.917159763,0,0,DEC2014,76
10,SODA-DIET,2,,67.6,2.5,0.036982249,3.698224852,0,0,DEC2014,97
10,SODA-DIET,2,,67.6,2.25,0.033284024,3.328402367,0,0,DEC2014,100
10,TEA-DIET,2,,23,0.99,0.043043478,4.304347826,0,0,DEC2014,103
10,SODA-DIET,2,,12,0.75,0.0625,6.25,0,0,DEC2014,104
10,SODA-DIET,2,,20,1.75,0.0875,8.75,0,0,DEC2014,105
10,SODA-DIET,2,,12,0.75,0.0625,6.25,0,0,DEC2014,111
10,ENERGY-DIET,2,,8.4,2.5,0.297619048,29.76190476,0,0,DEC2014,113
10,ENERGY-DIET,2,,6,2.5,0.416666667,41.66666667,0,0,DEC2014,114
10,SODA,2,,66,2.5,0.037878788,3.787878788,1,1,DEC2014,118
10,SODA,2,,66,2.5,0.037878788,3.787878788,1,1,DEC2014,129
10,SODA,2,,20,1.99,0.0995,9.95,1,1,DEC2014,130
10,SPORT,2,,28,2.5,0.089285714,8.928571429,1,0,DEC2014,140
10,JUICE,2,,15.2,1.69,0.111184211,11.11842105,0,0,DEC2014,160
10,ENERGY,2,,6,2.5,0.416666667,41.66666667,1,0,DEC2014,162
10,SODA,2,,33.8,2.5,0.073964497,7.396449704,1,0,DEC2014,170
10,SODA,2,,20,1.75,0.0875,8.75,1,0,DEC2014,172
10,SODA,2,,12,0.75,0.0625,6.25,1,0,DEC2014,188
10,SODA,2,,20,1.75,0.0875,8.75,1,0,DEC2014,189
10,SODA,2,,67.6,2.5,0.036982249,3.698224852,1,0,DEC2014,190
10,ENERGY,2,,8.4,2.5,0.297619048,29.76190476,1,0,DEC2014,193
10,ENERGY,2,,6,2.5,0.416666667,41.66666667,1,0,DEC2014,195
10,SODA,2,,12,2.25,0.1875,18.75,1,1,DEC2014,203
10,TEA,2,,6,0.99,0.165,16.5,1,0,DEC2014,207
10,SODA,2,,12,0.75,0.0625,6.25,1,0,DEC2014,213
10,SODA,2,,20,1.99,0.0995,9.95,1,0,DEC2014,219
10,JUICE DRINK,2,,66,1.89,0.028636364,2.863636364,1,1,DEC2014,18
10,JUICE DRINK,2,,67.6,1.89,0.02795858,2.795857988,1,0,DEC2014,18
25,JUICE,1,,62.37,5.99,0.096039763,9.603976271,0,1,DEC2014,27
25,WATER,1,,33.8,1.79,0.05295858,5.295857988,0,0,DEC2014,29
25,MILK,1,LOW FAT MILK,128,7.99,0.062421875,6.2421875,0,1,DEC2014,6
25,MILK,1,LOW FAT MILK,64,4.49,0.07015625,7.015625,0,1,DEC2014,7
25,MILK,1,WHOLE MILK,128,7.99,0.062421875,6.2421875,0,1,DEC2014,8
25,MILK,1,WHOLE MILK,64,4.49,0.07015625,7.015625,0,1,DEC2014,9
25,SODA,1,,144,6.19,0.042986111,4.298611111,1,1,DEC2014,50
25,SODA-DIET,1,,67.6,2.19,0.03239645,3.23964497,0,0,DEC2014,57
25,SODA,1,,20,1.99,0.0995,9.95,1,0,DEC2014,59
25,SODA,1,,67.6,2.19,0.03239645,3.23964497,1,0,DEC2014,60
25,SODA-DIET,1,,20,1.99,0.0995,9.95,0,0,DEC2014,61
25,JUICE DRINK,1,,16,1.79,0.111875,11.1875,1,1,DEC2014,70
25,WATER,1,,33.8,1.29,0.03816568,3.816568047,0,0,DEC2014,76
25,SODA-DIET,1,,144,6.19,0.042986111,4.298611111,0,1,DEC2014,81
25,SODA-DIET,1,,144,5.99,0.041597222,4.159722222,0,1,DEC2014,91
25,SODA-DIET,1,,67.6,2.19,0.03239645,3.23964497,0,0,DEC2014,97
25,SODA-DIET,1,,67.6,1.99,0.02943787,2.943786982,0,0,DEC2014,100
25,SODA-DIET,1,,67.6,2.19,0.03239645,3.23964497,0,0,DEC2014,102
25,SODA-DIET,1,,20,1.99,0.0995,9.95,0,0,DEC2014,105
25,SODA-DIET,1,,20,1.89,0.0945,9.45,0,0,DEC2014,112
25,ENERGY-DIET,1,,8.4,2.29,0.272619048,27.26190476,0,0,DEC2014,113
25,ENERGY-DIET,1,,6,2.29,0.381666667,38.16666667,0,0,DEC2014,114
25,SODA,1,,144,5.99,0.041597222,4.159722222,1,1,DEC2014,117
25,MILK,1,WHOLE MILK,64,5.49,0.08578125,8.578125,0,0,DEC2014,146
25,JUICE DRINK,1,,48,5.99,0.124791667,12.47916667,1,1,DEC2014,149
25,SODA,1,,12.5,1.69,0.1352,13.52,1,0,DEC2014,153
25,JUICE,1,,15.2,1.89,0.124342105,12.43421053,0,0,DEC2014,160
25,SODA,1,,144,5.99,0.041597222,4.159722222,1,1,DEC2014,163
25,SODA,1,,33.8,1.99,0.05887574,5.887573964,1,0,DEC2014,170
25,SODA,1,,20,1.89,0.0945,9.45,1,0,DEC2014,172
25,SODA,1,,144,5.99,0.041597222,4.159722222,1,1,DEC2014,181
25,SODA,1,,20,1.89,0.0945,9.45,1,0,DEC2014,189
25,SODA,1,,67.6,1.99,0.02943787,2.943786982,1,0,DEC2014,190
25,ENERGY,1,,8.4,2.29,0.272619048,27.26190476,1,0,DEC2014,193
25,ENERGY,1,,6,2.29,0.381666667,38.16666667,1,0,DEC2014,195
25,TEA,1,,6,2.99,0.498333333,49.83333333,1,0,DEC2014,196
25,TEA,1,,6,1.69,0.281666667,28.16666667,1,0,DEC2014,207
25,SODA,1,,67.6,2.19,0.03239645,3.23964497,1,0,DEC2014,215
25,SODA,1,,20,1.89,0.0945,9.45,1,0,DEC2014,219
25,JUICE,1,COCONUT WATER,16.9,2.99,0.176923077,17.69230769,0,0,DEC2014,232
1,WATER,2,,33.8,1.5,0.044378698,4.437869822,0,0,DEC2014,38
1,SODA,2,,12,1,0.083333333,8.333333333,1,0,DEC2014,58
1,WATER,2,,33.8,1.5,0.044378698,4.437869822,0,0,DEC2014,76
1,WATER,2,,23.6,1.5,0.063559322,6.355932203,0,0,DEC2014,77
1,SODA-DIET,2,,12,1,0.083333333,8.333333333,0,0,DEC2014,104
1,SODA-DIET,2,,12,1,0.083333333,8.333333333,0,0,DEC2014,106
1,SODA-DIET,2,,20,1,0.05,5,0,0,DEC2014,112
1,SODA,2,,12,1,0.083333333,8.333333333,1,0,DEC2014,126
1,SODA,2,,12,1,0.083333333,8.333333333,1,0,DEC2014,171
1,SODA,2,,12,1,0.083333333,8.333333333,1,0,DEC2014,188
1,ENERGY,2,,8.4,2.6,0.30952381,30.95238095,1,0,DEC2014,193
1,SODA,2,,12,1,0.083333333,8.333333333,1,0,DEC2014,213
1,JUICE,2,COCONUT WATER,16.9,3.39,0.200591716,20.0591716,0,0,DEC2014,232
24,TEA,1,,23,0.99,0.043043478,4.304347826,1,0,DEC2014,32
24,TEA,1,,23,0.99,0.043043478,4.304347826,1,0,DEC2014,33
24,MILK,1,LOW FAT MILK,128,4.99,0.038984375,3.8984375,0,0,DEC2014,40
24,MILK,1,LOW FAT MILK,64,2.99,0.04671875,4.671875,0,0,DEC2014,41
24,MILK,1,WHOLE MILK,128,4.99,0.038984375,3.8984375,0,0,DEC2014,42
24,MILK,1,WHOLE MILK,64,2.99,0.04671875,4.671875,0,0,DEC2014,43
24,JUICE,1,,63.9,3.49,0.054616588,5.461658842,0,0,DEC2014,44
24,JUICE DRINK,1,,60,3.99,0.0665,6.65,1,1,DEC2014,5
24,SODA,1,,144,7.19,0.049930556,4.993055556,1,1,DEC2014,50
24,SODA-DIET,1,,67.6,1.99,0.02943787,2.943786982,0,0,DEC2014,57
24,SODA,1,,20,1.49,0.0745,7.45,1,0,DEC2014,59
24,SODA,1,,67.6,1.99,0.02943787,2.943786982,1,0,DEC2014,60
24,SODA-DIET,1,,144,7.19,0.049930556,4.993055556,0,1,DEC2014,81
24,SODA-DIET,1,,67.6,1.99,0.02943787,2.943786982,0,0,DEC2014,97
24,SODA-DIET,1,,20,1.49,0.0745,7.45,0,0,DEC2014,105
24,ENERGY-DIET,1,,8.4,2.29,0.272619048,27.26190476,0,0,DEC2014,113
24,ENERGY-DIET,1,,6,1.99,0.331666667,33.16666667,0,0,DEC2014,114
24,MILK,1,WHOLE MILK,64,4.99,0.07796875,7.796875,0,0,DEC2014,146
24,ENERGY,1,,6,1.99,0.331666667,33.16666667,1,0,DEC2014,162
24,ENERGY,1,,8.4,2.29,0.272619048,27.26190476,1,0,DEC2014,193
24,ENERGY,1,,6,1.99,0.331666667,33.16666667,1,0,DEC2014,195
24,TEA,1,,6,3.59,0.598333333,59.83333333,1,0,DEC2014,196
24,TEA-DIET,1,,6,1.49,0.248333333,24.83333333,0,0,DEC2014,206
24,TEA,1,,6,1.49,0.248333333,24.83333333,1,0,DEC2014,207
24,SODA,1,,144,7.19,0.049930556,4.993055556,1,1,DEC2014,16
24,SODA,1,,20,1.49,0.0745,7.45,1,0,DEC2014,214
24,SODA,1,,67.6,1.99,0.02943787,2.943786982,1,0,DEC2014,215
24,SODA,1,,20,0.99,0.0495,4.95,1,0,DEC2014,219
24,JUICE,1,COCONUT WATER,16.9,2.69,0.159171598,15.91715976,0,0,DEC2014,232
12,JUICE,2,,18,2.49,0.138333333,13.83333333,0,1,DEC2014,3
12,MILK,2,LOW FAT MILK,128,7.49,0.058515625,5.8515625,0,1,DEC2014,6
12,MILK,2,WHOLE MILK,128,7.49,0.058515625,5.8515625,0,1,DEC2014,8
12,JUICE,2,,62.37,8.49,0.136123136,13.61231361,0,1,DEC2014,62
12,WATER,2,,33.8,0.99,0.029289941,2.928994083,0,0,DEC2014,76
12,JUICE,2,,12.5,2.69,0.2152,21.52,0,1,DEC2014,155
12,JUICE,2,,15.2,3.29,0.216447368,21.64473684,0,1,DEC2014,175
12,TEA,2,,6,2.99,0.498333333,49.83333333,1,0,DEC2014,196
12,TEA,2,,16,1.59,0.099375,9.9375,1,1,DEC2014,223
12,JUICE,2,COCONUT WATER,11.1,2.29,0.206306306,20.63063063,0,1,DEC2014,234
15,WATER,3,,33.8,2.09,0.06183432,6.183431953,0,0,DEC2014,29
15,TEA,3,,23,0.99,0.043043478,4.304347826,1,0,DEC2014,32
15,TEA,3,,23,0.99,0.043043478,4.304347826,1,0,DEC2014,33
15,WATER,3,,33.8,1.87,0.055325444,5.532544379,0,0,DEC2014,38
15,JUICE DRINK,3,,60,4.39,0.073166667,7.316666667,1,1,DEC2014,5
15,SODA,3,,144,6.49,0.045069444,4.506944444,1,1,DEC2014,50
15,SODA-DIET,3,,67.6,2.09,0.03091716,3.091715976,0,0,DEC2014,57
15,SODA,3,,20,1.89,0.0945,9.45,1,0,DEC2014,59
15,SODA,3,,67.6,2.09,0.03091716,3.091715976,1,0,DEC2014,60
15,MILK,3,LOW FAT MILK,128,3.79,0.029609375,2.9609375,0,1,DEC2014,63
15,MILK,3,LOW FAT MILK,64,2.49,0.03890625,3.890625,0,1,DEC2014,64
15,WATER,3,,128,1.27,0.009921875,0.9921875,0,1,DEC2014,65
15,JUICE,3,,62.37,3.79,0.060766394,6.07663941,0,1,DEC2014,73
15,MILK,3,WHOLE MILK,128,3.79,0.029609375,2.9609375,0,1,DEC2014,74
15,MILK,3,WHOLE MILK,64,2.49,0.03890625,3.890625,0,1,DEC2014,75
15,WATER,3,,20,1.67,0.0835,8.35,0,0,DEC2014,79
15,SODA-DIET,3,,144,6.49,0.045069444,4.506944444,0,1,DEC2014,81
15,SODA-DIET,3,,144,5,0.034722222,3.472222222,0,1,DEC2014,85
15,SODA-DIET,3,,144,6.49,0.045069444,4.506944444,0,1,DEC2014,91
15,SODA-DIET,3,,67.6,2.09,0.03091716,3.091715976,0,0,DEC2014,97
15,SODA-DIET,3,,67.6,2.09,0.03091716,3.091715976,0,0,DEC2014,100
15,SODA-DIET,3,,20,1.89,0.0945,9.45,0,0,DEC2014,105
15,SODA-DIET,3,,20,1.89,0.0945,9.45,0,0,DEC2014,110
15,ENERGY-DIET,3,,8.4,2.49,0.296428571,29.64285714,0,0,DEC2014,113
15,ENERGY-DIET,3,,6,1.99,0.331666667,33.16666667,0,0,DEC2014,114
15,SODA,3,,144,5,0.034722222,3.472222222,1,1,DEC2014,117
15,SODA,3,,66,2.09,0.031666667,3.166666667,1,1,DEC2014,129
15,SODA,3,,20,1.89,0.0945,9.45,1,1,DEC2014,130
15,SPORT,3,,32,2.49,0.0778125,7.78125,1,1,DEC2014,137
15,JUICE,3,,15.2,1.99,0.130921053,13.09210526,0,0,DEC2014,160
15,ENERGY,3,,6,2.57,0.428333333,42.83333333,1,0,DEC2014,162
15,SODA,3,,20,1.89,0.0945,9.45,1,0,DEC2014,172
15,SODA,3,,144,6.49,0.045069444,4.506944444,1,1,DEC2014,181
15,SODA,3,,20,1.89,0.0945,9.45,1,0,DEC2014,189
15,SODA,3,,67.6,2.09,0.03091716,3.091715976,1,0,DEC2014,190
15,ENERGY,3,,8.4,2.49,0.296428571,29.64285714,1,0,DEC2014,193
15,ENERGY,3,,6,1.99,0.331666667,33.16666667,1,0,DEC2014,195
15,TEA,3,,6,1.87,0.311666667,31.16666667,1,0,DEC2014,207
15,SODA,3,,144,6.49,0.045069444,4.506944444,1,1,DEC2014,16
15,SODA-DIET,3,,20,1.89,0.0945,9.45,0,1,DEC2014,209
15,SODA,3,,20,1.89,0.0945,9.45,1,0,DEC2014,214
15,SODA,3,,67.6,2.09,0.03091716,3.091715976,1,0,DEC2014,215
15,SODA,3,,20,1.89,0.0945,9.45,1,0,DEC2014,219
15,JUICE,3,,12,1.79,0.149166667,14.91666667,0,0,DEC2014,230
15,JUICE,3,COCONUT WATER,16.9,3.19,0.188757396,18.87573964,0,0,DEC2014,232
19,WATER,4,,16.9,1,0.059171598,5.917159763,0,1,DEC2014,36
19,SODA,4,,16.9,1.75,0.103550296,10.35502959,1,1,DEC2014,48
19,SODA,4,,12,0.9,0.075,7.5,1,0,DEC2014,58
19,SODA-DIET,4,,16.9,1.75,0.103550296,10.35502959,0,1,DEC2014,82
19,SODA-DIET,4,,12,0.9,0.075,7.5,0,0,DEC2014,104
19,ENERGY-DIET,4,,6,2.5,0.416666667,41.66666667,0,0,DEC2014,108
19,ENERGY-DIET,4,,8.4,2.5,0.297619048,29.76190476,0,0,DEC2014,113
19,ENERGY-DIET,4,,6,2.5,0.416666667,41.66666667,0,0,DEC2014,114
19,ENERGY,4,,6,2.5,0.416666667,41.66666667,1,0,DEC2014,162
19,ENERGY,4,,8.4,2.5,0.297619048,29.76190476,1,0,DEC2014,193
19,ENERGY,4,,6,2.5,0.416666667,41.66666667,1,0,DEC2014,195
19,TEA,4,,20,1.75,0.0875,8.75,1,1,DEC2014,204
19,SODA,4,,12,0.9,0.075,7.5,1,0,DEC2014,213
19,WATER-SWEET,4,,20,1.75,0.0875,8.75,1,1,DEC2014,235
14,TEA,2,,23,0.99,0.043043478,4.304347826,1,0,DEC2014,33
14,MILK,2,LOW FAT MILK,64,3.29,0.05140625,5.140625,0,0,DEC2014,41
14,MILK,2,WHOLE MILK,128,5.29,0.041328125,4.1328125,0,0,DEC2014,42
14,JUICE,2,,63.9,5.59,0.087480438,8.748043818,0,0,DEC2014,44
14,SODA-DIET,2,,67.6,2.39,0.03535503,3.535502959,0,0,DEC2014,57
14,SODA,2,,12,0.99,0.0825,8.25,1,0,DEC2014,58
14,SODA,2,,20,1.69,0.0845,8.45,1,0,DEC2014,59
14,SODA,2,,67.6,2.39,0.03535503,3.535502959,1,0,DEC2014,60
14,SODA-DIET,2,,20,1.69,0.0845,8.45,0,0,DEC2014,61
14,WATER,2,,23.6,0.99,0.041949153,4.194915254,0,0,DEC2014,77
14,SODA-DIET,2,,67.6,2.39,0.03535503,3.535502959,0,0,DEC2014,97
14,SODA-DIET,2,,67.6,1.99,0.02943787,2.943786982,0,0,DEC2014,98
14,SODA-DIET,2,,12,0.99,0.0825,8.25,0,0,DEC2014,104
14,SODA-DIET,2,,20,1.69,0.0845,8.45,0,0,DEC2014,105
14,ENERGY-DIET,2,,6,2.29,0.381666667,38.16666667,0,0,DEC2014,108
14,SODA-DIET,2,,12,0.99,0.0825,8.25,0,0,DEC2014,111
14,SODA-DIET,2,,20,1.69,0.0845,8.45,0,0,DEC2014,112
14,ENERGY-DIET,2,,8.4,2.29,0.272619048,27.26190476,0,0,DEC2014,113
14,ENERGY-DIET,2,,6,2.29,0.381666667,38.16666667,0,0,DEC2014,114
14,SODA,2,,67.6,1.99,0.02943787,2.943786982,1,0,DEC2014,125
14,SODA,2,,20,1.69,0.0845,8.45,1,1,DEC2014,130
14,JUICE,2,,15.2,1.74,0.114473684,11.44736842,0,0,DEC2014,160
14,ENERGY,2,,6,2.29,0.381666667,38.16666667,1,0,DEC2014,162
14,SODA,2,,20,1.69,0.0845,8.45,1,0,DEC2014,172
14,JUICE,2,COCONUT WATER,16.9,1.5,0.088757396,8.875739645,0,1,DEC2014,179
14,SODA,2,,12,0.99,0.0825,8.25,1,0,DEC2014,188
14,SODA,2,,20,1.69,0.0845,8.45,1,0,DEC2014,189
14,ENERGY,2,,8.4,2.29,0.272619048,27.26190476,1,0,DEC2014,193
14,ENERGY,2,,6,2.29,0.381666667,38.16666667,1,0,DEC2014,195
14,TEA-DIET,2,,6,1.44,0.24,24,0,0,DEC2014,206
14,TEA,2,,6,1.44,0.24,24,1,0,DEC2014,207
14,SODA,2,,12,0.99,0.0825,8.25,1,0,DEC2014,213
14,SODA,2,,20,1.69,0.0845,8.45,1,0,DEC2014,214
14,SODA,2,,67.6,2.39,0.03535503,3.535502959,1,0,DEC2014,215
14,SODA,2,,20,0.99,0.0495,4.95,1,0,DEC2014,219
14,JUICE,2,,12,1.59,0.1325,13.25,0,0,DEC2014,230
14,JUICE,2,,59,5.49,0.093050847,9.305084746,0,0,DEC2014,231
22,TEA,2,,42,1,0.023809524,2.380952381,1,1,DEC2014,31
22,JUICE,2,COCONUT WATER,16,1,0.0625,6.25,0,1,DEC2014,39
22,TEA,2,,24,1,0.041666667,4.166666667,1,1,DEC2014,46
22,SODA,2,,16.9,1,0.059171598,5.917159763,1,1,DEC2014,48
22,SODA-DIET,2,,20,1,0.05,5,0,0,DEC2014,61
22,WATER,2,,96,1,0.010416667,1.041666667,0,1,DEC2014,68
22,MILK,2,UNKNOWN,20,1,0.05,5,0,1,DEC2014,78
22,SODA-DIET,2,,16.9,1,0.059171598,5.917159763,0,1,DEC2014,82
22,SODA-DIET,2,,20,1,0.05,5,0,1,DEC2014,86
22,ENERGY-DIET,2,,16,1,0.0625,6.25,0,1,DEC2014,93
22,JUICE,2,,14,1,0.071428571,7.142857143,0,1,DEC2014,116
22,SODA,2,,20,1,0.05,5,1,1,DEC2014,119
22,SODA,2,,48,1,0.020833333,2.083333333,1,1,DEC2014,132
22,SODA,2,,6,1,0.166666667,16.66666667,1,0,DEC2014,133
22,MILK,2,LOW FAT MILK,32,1,0.03125,3.125,0,1,DEC2014,141
22,SODA,2,,82.5,1,0.012121212,1.212121212,1,1,DEC2014,167
22,SODA,2,,20,1,0.05,5,1,0,DEC2014,172
22,WATER,2,,33,1,0.03030303,3.03030303,0,1,DEC2014,174
22,TEA,2,,23,1,0.043478261,4.347826087,1,1,DEC2014,180
22,SODA,2,,20,1,0.05,5,1,0,DEC2014,189
22,SPORT-DIET,2,,24,1,0.041666667,4.166666667,0,0,DEC2014,191
22,ENERGY,2,,16,1,0.0625,6.25,1,1,DEC2014,194
22,SODA,2,,82.5,1,0.012121212,1.212121212,1,1,DEC2014,197
22,SODA,2,,48,1,0.020833333,2.083333333,1,1,DEC2014,198
22,SODA,2,,82.5,1,0.012121212,1.212121212,1,1,DEC2014,199
22,SODA,2,,82.5,1,0.012121212,1.212121212,1,1,DEC2014,200
22,SODA,2,,48,1,0.020833333,2.083333333,1,1,DEC2014,201
22,JUICE DRINK,2,,32,1,0.03125,3.125,1,1,DEC2014,216
22,JUICE DRINK,2,,40,1,0.025,2.5,1,1,DEC2014,221
23,WATER,2,,33.8,2,0.059171598,5.917159763,0,0,DEC2014,38
23,JUICE DRINK,2,,6,0.65,0.108333333,10.83333333,1,0,DEC2014,47
23,SODA,2,,12,1,0.083333333,8.333333333,1,0,DEC2014,58
23,SODA,2,,20,2,0.1,10,1,0,DEC2014,59
23,SODA-DIET,2,,20,2,0.1,10,0,0,DEC2014,61
23,WATER,2,,33.8,1.49,0.04408284,4.408284024,0,0,DEC2014,76
23,SODA-DIET,2,,67.6,2.5,0.036982249,3.698224852,0,0,DEC2014,98
23,SODA-DIET,2,,67.6,2.99,0.044230769,4.423076923,0,0,DEC2014,100
23,SODA-DIET,2,,12,1,0.083333333,8.333333333,0,0,DEC2014,104
23,SODA-DIET,2,,20,2,0.1,10,0,0,DEC2014,105
23,ENERGY-DIET,2,,6,2.5,0.416666667,41.66666667,0,0,DEC2014,108
23,SODA-DIET,2,,20,2,0.1,10,0,0,DEC2014,110
23,SODA-DIET,2,,12,1,0.083333333,8.333333333,0,0,DEC2014,111
23,SODA-DIET,2,,20,2,0.1,10,0,0,DEC2014,112
23,ENERGY-DIET,2,,8.4,2.5,0.297619048,29.76190476,0,0,DEC2014,113
23,ENERGY-DIET,2,,6,2.5,0.416666667,41.66666667,0,0,DEC2014,114
23,SODA,2,,12,1,0.083333333,8.333333333,1,0,DEC2014,126
23,SPORT,2,,28,2,0.071428571,7.142857143,1,0,DEC2014,140
23,ENERGY,2,,6,2.5,0.416666667,41.66666667,1,0,DEC2014,162
23,SODA,2,,33.8,2.99,0.088461538,8.846153846,1,0,DEC2014,170
23,SODA,2,,12,1,0.083333333,8.333333333,1,0,DEC2014,171
23,SODA,2,,20,2,0.1,10,1,0,DEC2014,172
23,SODA,2,,12,1,0.083333333,8.333333333,1,0,DEC2014,188
23,SODA,2,,20,2,0.1,10,1,0,DEC2014,189
23,SODA,2,,67.6,2.99,0.044230769,4.423076923,1,0,DEC2014,190
23,ENERGY,2,,8.4,2.5,0.297619048,29.76190476,1,0,DEC2014,193
23,ENERGY,2,,6,2.5,0.416666667,41.66666667,1,0,DEC2014,195
23,TEA,2,,6,4.29,0.715,71.5,1,0,DEC2014,196
23,SODA,2,,12,1,0.083333333,8.333333333,1,0,DEC2014,213
23,SODA,2,,20,2,0.1,10,1,0,DEC2014,214
23,SODA,2,,20,2,0.1,10,1,0,DEC2014,219
23,JUICE,2,COCONUT WATER,16.9,3.5,0.207100592,20.71005917,0,0,DEC2014,232
4,WATER,4,,33.8,2.24,0.066272189,6.627218935,0,0,DEC2014,29
4,TEA,4,,23,0.99,0.043043478,4.304347826,1,0,DEC2014,32
4,TEA,4,,23,0.99,0.043043478,4.304347826,1,0,DEC2014,33
4,MILK,4,WHOLE MILK,128,4.99,0.038984375,3.8984375,0,0,DEC2014,42
4,MILK,4,WHOLE MILK,64,3.49,0.05453125,5.453125,0,0,DEC2014,43
4,SODA,4,,12,0.89,0.074166667,7.416666667,1,0,DEC2014,58
4,SODA,4,,20,1.69,0.0845,8.45,1,0,DEC2014,59
4,SODA,4,,67.6,2.98,0.04408284,4.408284024,1,0,DEC2014,60
4,SODA-DIET,4,,20,1.69,0.0845,8.45,0,0,DEC2014,61
4,WATER,4,,33.8,1.74,0.05147929,5.147928994,0,0,DEC2014,76
4,WATER,4,,23.6,1.44,0.061016949,6.101694915,0,0,DEC2014,77
4,WATER,4,,20,1.54,0.077,7.7,0,0,DEC2014,79
4,SODA-DIET,4,,67.6,2.98,0.04408284,4.408284024,0,0,DEC2014,97
4,SODA-DIET,4,,67.6,2.98,0.04408284,4.408284024,0,0,DEC2014,100
4,SODA-DIET,4,,12,0.89,0.074166667,7.416666667,0,0,DEC2014,104
4,SODA-DIET,4,,20,1.69,0.0845,8.45,0,0,DEC2014,105
4,ENERGY-DIET,4,,6,2.49,0.415,41.5,0,0,DEC2014,108
4,SODA-DIET,4,,20,1.69,0.0845,8.45,0,0,DEC2014,110
4,SODA-DIET,4,,20,1.69,0.0845,8.45,0,0,DEC2014,112
4,ENERGY-DIET,4,,8.4,2.29,0.272619048,27.26190476,0,0,DEC2014,113
4,ENERGY-DIET,4,,6,2.49,0.415,41.5,0,0,DEC2014,114
4,SODA,4,,6,1.29,0.215,21.5,1,0,DEC2014,133
4,SPORT,4,,28,2.39,0.085357143,8.535714286,1,0,DEC2014,140
4,JUICE,4,,15.2,2.29,0.150657895,15.06578947,0,0,DEC2014,160
4,ENERGY,4,,6,2.49,0.415,41.5,1,0,DEC2014,162
4,SODA,4,,20,1.69,0.0845,8.45,1,0,DEC2014,172
4,SODA,4,,20,1.69,0.0845,8.45,1,0,DEC2014,189
4,SODA,4,,67.6,2.98,0.04408284,4.408284024,1,0,DEC2014,190
4,ENERGY,4,,8.4,2.29,0.272619048,27.26190476,1,0,DEC2014,193
4,ENERGY,4,,6,2.49,0.415,41.5,1,0,DEC2014,195
4,TEA,4,,6,1.64,0.273333333,27.33333333,1,0,DEC2014,207
4,SODA,4,,12,1.69,0.140833333,14.08333333,1,0,DEC2014,213
4,SODA,4,,20,2.98,0.149,14.9,1,0,DEC2014,214
4,SODA,4,,20,0.99,0.0495,4.95,1,0,DEC2014,219
4,JUICE DRINK,4,,16,1.54,0.09625,9.625,1,1,DEC2014,220
4,JUICE,4,COCONUT WATER,16.9,2.94,0.173964497,17.3964497,0,0,DEC2014,232
17,TEA,2,,23,0.99,0.043043478,4.304347826,1,0,DEC2014,32
17,TEA,2,,23,1.15,0.05,5,1,0,DEC2014,33
17,MILK,2,LOW FAT MILK,128,5.49,0.042890625,4.2890625,0,0,DEC2014,40
17,MILK,2,LOW FAT MILK,64,3.49,0.05453125,5.453125,0,0,DEC2014,41
17,MILK,2,WHOLE MILK,128,5.49,0.042890625,4.2890625,0,0,DEC2014,42
17,MILK,2,WHOLE MILK,64,3.49,0.05453125,5.453125,0,0,DEC2014,43
17,JUICE,2,,63.9,1.99,0.03114241,3.114241002,0,0,DEC2014,44
17,JUICE DRINK,2,,6,0.5,0.083333333,8.333333333,1,0,DEC2014,47
17,SODA,2,,20,1.99,0.0995,9.95,1,0,DEC2014,59
17,SODA,2,,67.6,2.99,0.044230769,4.423076923,1,0,DEC2014,60
17,WATER,2,,33.8,2.5,0.073964497,7.396449704,0,0,DEC2014,76
17,WATER,2,,23.6,1.99,0.084322034,8.43220339,0,0,DEC2014,77
17,SODA-DIET,2,,67.6,2.99,0.044230769,4.423076923,0,0,DEC2014,97
17,TEA-DIET,2,,23,1.15,0.05,5,0,0,DEC2014,103
17,SODA-DIET,2,,12,0.99,0.0825,8.25,0,0,DEC2014,104
17,SODA-DIET,2,,20,1.99,0.0995,9.95,0,0,DEC2014,105
17,ENERGY-DIET,2,,6,2.5,0.416666667,41.66666667,0,0,DEC2014,108
17,ENERGY-DIET,2,,8.4,2.29,0.272619048,27.26190476,0,0,DEC2014,113
17,ENERGY-DIET,2,,6,2.5,0.416666667,41.66666667,0,0,DEC2014,114
17,SPORT,2,,28,2.99,0.106785714,10.67857143,1,0,DEC2014,140
17,MILK,2,LOW FAT MILK,64,4.75,0.07421875,7.421875,0,0,DEC2014,144
17,MILK,2,WHOLE MILK,64,5.49,0.08578125,8.578125,0,0,DEC2014,146
17,SODA,2,,12.5,1.99,0.1592,15.92,1,0,DEC2014,153
17,ENERGY,2,,6,2.5,0.416666667,41.66666667,1,0,DEC2014,162
17,SODA,2,,33.8,1.25,0.036982249,3.698224852,1,0,DEC2014,170
17,SODA,2,,12,0.99,0.0825,8.25,1,0,DEC2014,171
17,SODA,2,,20,1.99,0.0995,9.95,1,0,DEC2014,172
17,SODA,2,,12,0.99,0.0825,8.25,1,0,DEC2014,188
17,SODA,2,,20,1.99,0.0995,9.95,1,0,DEC2014,189
17,ENERGY,2,,8.4,2.29,0.272619048,27.26190476,1,0,DEC2014,193
17,ENERGY,2,,6,2.5,0.416666667,41.66666667,1,0,DEC2014,195
17,TEA,2,,6,3.99,0.665,66.5,1,0,DEC2014,196
17,TEA-DIET,2,,6,2.25,0.375,37.5,0,0,DEC2014,206
17,TEA,2,,6,2.25,0.375,37.5,1,0,DEC2014,207
17,SODA,2,,67.6,2.99,0.044230769,4.423076923,1,0,DEC2014,215
17,SODA,2,,20,0.99,0.0495,4.95,1,0,DEC2014,219
17,JUICE,2,,59,4.99,0.084576271,8.457627119,0,0,DEC2014,231
17,JUICE,2,COCONUT WATER,16.9,2.99,0.176923077,17.69230769,0,0,DEC2014,232
13,WATER,1,,20,0.99,0.0495,4.95,0,1,DEC2014,28
13,SODA,1,,72,1.99,0.027638889,2.763888889,1,1,DEC2014,10
13,SODA,1,,20,1.29,0.0645,6.45,1,0,DEC2014,59
13,SODA,1,,67.6,1.29,0.01908284,1.908284024,1,0,DEC2014,60
13,MILK,1,UNKNOWN,128,3.29,0.025703125,2.5703125,0,1,DEC2014,71
13,MILK,1,,64,2.29,0.03578125,3.578125,0,1,DEC2014,72
13,WATER,1,,33.8,0.99,0.029289941,2.928994083,0,0,DEC2014,76
13,WATER,1,,20,1.29,0.0645,6.45,0,0,DEC2014,79
13,SODA-DIET,1,,72,1.99,0.027638889,2.763888889,0,1,DEC2014,83
13,SODA-DIET,1,,72,1.99,0.027638889,2.763888889,0,1,DEC2014,87
13,SODA-DIET,1,,72,1.99,0.027638889,2.763888889,0,1,DEC2014,92
13,SODA-DIET,1,,67.6,1.29,0.01908284,1.908284024,0,0,DEC2014,97
13,ENERGY-DIET,1,,6,1.49,0.248333333,24.83333333,0,0,DEC2014,108
13,SODA,1,,72,1.99,0.027638889,2.763888889,1,1,DEC2014,120
13,SODA,1,,20,1.29,0.0645,6.45,1,1,DEC2014,130
13,JUICE DRINK,1,,20,1.29,0.0645,6.45,1,1,DEC2014,158
13,ENERGY,1,,144,8.99,0.062430556,6.243055556,1,1,DEC2014,161
13,SODA,1,,72,1.99,0.027638889,2.763888889,1,1,DEC2014,164
13,SODA,1,,20,1.09,0.0545,5.45,1,0,DEC2014,172
13,JUICE,1,COCONUT WATER,16.9,0.99,0.058579882,5.857988166,0,1,DEC2014,179
13,SODA,1,,72,1.99,0.027638889,2.763888889,1,1,DEC2014,182
13,SODA,1,,72,1.99,0.027638889,2.763888889,1,1,DEC2014,208
13,SODA,1,,20,1.29,0.0645,6.45,1,0,DEC2014,214
13,SODA,1,,67.6,1.29,0.01908284,1.908284024,1,0,DEC2014,215
13,SODA,1,,12,1.99,0.165833333,16.58333333,1,1,DEC2014,217
13,SODA,1,,66,1.99,0.030151515,3.015151515,1,1,DEC2014,218
9,TEA,2,,20,1,0.05,5,1,1,DEC2014,30
9,MILK,2,WHOLE MILK,128,3.99,0.031171875,3.1171875,0,0,DEC2014,42
9,MILK,2,WHOLE MILK,64,2.99,0.04671875,4.671875,0,0,DEC2014,43
9,JUICE,2,,63.9,3.99,0.062441315,6.244131455,0,0,DEC2014,44
9,JUICE DRINK,2,,6,0.5,0.083333333,8.333333333,1,0,DEC2014,47
9,SODA,2,,12,0.75,0.0625,6.25,1,0,DEC2014,58
9,SODA,2,,20,1.69,0.0845,8.45,1,0,DEC2014,59
9,SODA,2,,67.6,2.25,0.033284024,3.328402367,1,0,DEC2014,60
9,WATER,2,,33.8,1.49,0.04408284,4.408284024,0,0,DEC2014,76
9,SODA-DIET,2,,12,0.75,0.0625,6.25,0,0,DEC2014,104
9,SODA-DIET,2,,20,1.69,0.0845,8.45,0,0,DEC2014,105
9,SODA-DIET,2,,20,1.69,0.0845,8.45,0,0,DEC2014,112
9,ENERGY-DIET,2,,8.4,2.49,0.296428571,29.64285714,0,0,DEC2014,113
9,ENERGY-DIET,2,,6,2.5,0.416666667,41.66666667,0,0,DEC2014,114
9,SODA,2,,12,0.75,0.0625,6.25,1,0,DEC2014,126
9,SPORT,2,,28,1.99,0.071071429,7.107142857,1,0,DEC2014,140
9,SODA,2,,12,1.99,0.165833333,16.58333333,1,1,DEC2014,15
9,ENERGY,2,,6,2.5,0.416666667,41.66666667,1,0,DEC2014,162
9,SODA,2,,20,1.69,0.0845,8.45,1,0,DEC2014,172
9,SODA,2,,12,0.75,0.0625,6.25,1,0,DEC2014,188
9,SODA,2,,20,1.69,0.0845,8.45,1,0,DEC2014,189
9,SODA,2,,67.6,2.25,0.033284024,3.328402367,1,0,DEC2014,190
9,ENERGY,2,,8.4,2.49,0.296428571,29.64285714,1,0,DEC2014,193
9,ENERGY,2,,6,2.5,0.416666667,41.66666667,1,0,DEC2014,195
9,TEA,2,,6,1.99,0.331666667,33.16666667,1,0,DEC2014,207
9,SODA,2,,12,0.75,0.0625,6.25,1,0,DEC2014,213
9,SODA,2,,67.6,2.25,0.033284024,3.328402367,1,0,DEC2014,215
9,SODA,2,,20,0.99,0.0495,4.95,1,0,DEC2014,219
9,JUICE DRINK,2,,16,1.49,0.093125,9.3125,1,1,DEC2014,220
9,JUICE,2,COCONUT WATER,16.9,2.99,0.176923077,17.69230769,0,0,DEC2014,232
9,ENERGY,2,,16,1,0.0625,6.25,1,1,DEC2014,233
5,WATER,2,,33.8,1.69,0.05,5,0,0,DEC2014,29
5,TEA,2,,23,0.99,0.043043478,4.304347826,1,0,DEC2014,32
5,TEA,2,,23,0.99,0.043043478,4.304347826,1,0,DEC2014,33
5,MILK,2,LOW FAT MILK,128,4.49,0.035078125,3.5078125,0,0,DEC2014,40
5,MILK,2,LOW FAT MILK,64,3.29,0.05140625,5.140625,0,0,DEC2014,41
5,MILK,2,WHOLE MILK,128,4.49,0.035078125,3.5078125,0,0,DEC2014,42
5,MILK,2,WHOLE MILK,64,3.29,0.05140625,5.140625,0,0,DEC2014,43
5,JUICE,2,,63.9,4.89,0.076525822,7.65258216,0,0,DEC2014,44
5,SODA-DIET,2,,67.6,2.29,0.03387574,3.387573964,0,0,DEC2014,57
5,SODA,2,,12,0.79,0.065833333,6.583333333,1,0,DEC2014,58
5,SODA,2,,20,1.59,0.0795,7.95,1,0,DEC2014,59
5,SODA,2,,67.6,2.29,0.03387574,3.387573964,1,0,DEC2014,60
5,SODA-DIET,2,,20,1.59,0.0795,7.95,0,0,DEC2014,61
5,SODA-DIET,2,,67.6,2.29,0.03387574,3.387573964,0,0,DEC2014,97
5,SODA-DIET,2,,20,1.59,0.0795,7.95,0,0,DEC2014,105
5,SODA-DIET,2,,6,1.59,0.265,26.5,0,0,DEC2014,107
5,ENERGY-DIET,2,,8.4,2.29,0.272619048,27.26190476,0,0,DEC2014,113
5,ENERGY-DIET,2,,6,2.99,0.498333333,49.83333333,0,0,DEC2014,114
5,SODA,2,,6,1.59,0.265,26.5,1,0,DEC2014,133
5,SPORT,2,,28,1.99,0.071071429,7.107142857,1,0,DEC2014,140
5,SODA,2,,12.5,0.39,0.0312,3.12,1,0,DEC2014,153
5,JUICE,2,,15.2,1.89,0.124342105,12.43421053,0,0,DEC2014,160
5,SODA,2,,12,0.79,0.065833333,6.583333333,1,0,DEC2014,171
5,ENERGY,2,,8.4,2.29,0.272619048,27.26190476,1,0,DEC2014,193
5,ENERGY,2,,6,2.99,0.498333333,49.83333333,1,0,DEC2014,195
5,TEA,2,,6,1.59,0.265,26.5,1,0,DEC2014,207
5,SODA,2,,12,0.79,0.065833333,6.583333333,1,0,DEC2014,213
5,SODA,2,,20,1.59,0.0795,7.95,1,0,DEC2014,214
5,SODA,2,,67.6,2.29,0.03387574,3.387573964,1,0,DEC2014,215
5,SODA,2,,20,0.99,0.0495,4.95,1,0,DEC2014,219
5,JUICE,2,,59,5.49,0.093050847,9.305084746,0,0,DEC2014,231
5,JUICE,2,COCONUT WATER,16.9,2.29,0.135502959,13.55029586,0,0,DEC2014,232
26,TEA,2,,23,0.99,0.043043478,4.304347826,1,0,DEC2014,33
26,MILK,2,LOW FAT MILK,128,4.49,0.035078125,3.5078125,0,0,DEC2014,40
26,MILK,2,LOW FAT MILK,64,2.89,0.04515625,4.515625,0,0,DEC2014,41
26,MILK,2,WHOLE MILK,128,4.49,0.035078125,3.5078125,0,0,DEC2014,42
26,MILK,2,WHOLE MILK,64,2.89,0.04515625,4.515625,0,0,DEC2014,43
26,JUICE,2,,63.9,4.99,0.078090767,7.809076682,0,0,DEC2014,44
26,JUICE DRINK,2,,60,4.29,0.0715,7.15,1,1,DEC2014,5
26,SODA,2,,240,7.99,0.033291667,3.329166667,1,1,DEC2014,13
26,SODA,2,,20,1.59,0.0795,7.95,1,0,DEC2014,59
26,SODA,2,,67.6,2.38,0.035207101,3.520710059,1,0,DEC2014,60
26,SODA-DIET,2,,20,1.59,0.0795,7.95,0,0,DEC2014,61
26,SODA-DIET,2,,67.6,2.38,0.035207101,3.520710059,0,0,DEC2014,97
26,SODA-DIET,2,,67.6,2.38,0.035207101,3.520710059,0,0,DEC2014,100
26,SODA-DIET,2,,20,1.59,0.0795,7.95,0,0,DEC2014,105
26,ENERGY-DIET,2,,6,2.29,0.381666667,38.16666667,0,0,DEC2014,108
26,ENERGY-DIET,2,,8.4,1.99,0.236904762,23.69047619,0,0,DEC2014,113
26,ENERGY-DIET,2,,6,2.29,0.381666667,38.16666667,0,0,DEC2014,114
26,JUICE,2,COCONUT WATER,16.5,1.29,0.078181818,7.818181818,0,1,DEC2014,14
26,MILK,2,LOW FAT MILK,128,6.99,0.054609375,5.4609375,0,0,DEC2014,143
26,MILK,2,LOW FAT MILK,64,4.99,0.07796875,7.796875,0,0,DEC2014,144
26,MILK,2,WHOLE MILK,128,6.99,0.054609375,5.4609375,0,0,DEC2014,145
26,MILK,2,,64,4.99,0.07796875,7.796875,0,0,DEC2014,146
26,SODA,2,,12.5,1.69,0.1352,13.52,1,0,DEC2014,153
26,SODA,2,,67.6,2.38,0.035207101,3.520710059,1,0,DEC2014,190
26,ENERGY,2,,8.4,1.99,0.236904762,23.69047619,1,0,DEC2014,193
26,TEA,2,,6,3.59,0.598333333,59.83333333,1,0,DEC2014,196
26,SODA,2,,240,7.99,0.033291667,3.329166667,1,1,DEC2014,17
26,SODA,2,,20,1.59,0.0795,7.95,1,0,DEC2014,214
26,SODA,2,,67.6,2.38,0.035207101,3.520710059,1,0,DEC2014,215
26,JUICE,2,,12,1.49,0.124166667,12.41666667,0,0,DEC2014,230
26,JUICE,2,,59,6.49,0.11,11,0,0,DEC2014,231
7,SODA,2,,12,1,0.083333333,8.333333333,1,0,DEC2014,58
7,SODA-DIET,2,,12,1,0.083333333,8.333333333,0,0,DEC2014,111
7,SODA,2,,12,1,0.083333333,8.333333333,1,0,DEC2014,188
7,SODA,2,,12,1,0.083333333,8.333333333,1,0,DEC2014,213
18,JUICE,2,,9,1.29,0.143333333,14.33333333,0,1,DEC2014,49
18,SODA,2,,12,0.75,0.0625,6.25,1,0,DEC2014,58
18,WATER,2,,16.9,0.79,0.046745562,4.674556213,0,1,DEC2014,69
18,SODA-DIET,2,,12,0.75,0.0625,6.25,0,1,DEC2014,95
18,SODA,2,,12,0.75,0.0625,6.25,1,1,DEC2014,131
18,JUICE DRINK,2,,33,1.99,0.06030303,6.03030303,1,1,DEC2014,136
18,JUICE,2,,10,0.79,0.079,7.9,0,1,DEC2014,156
18,JUICE DRINK,2,,11,1.29,0.117272727,11.72727273,1,1,DEC2014,157
18,JUICE,2,COCONUT WATER,11,1.29,0.117272727,11.72727273,0,1,DEC2014,173
18,ENERGY,2,,10,0.75,0.075,7.5,1,1,DEC2014,224
3,WATER,1,,33.8,1.69,0.05,5,0,0,DEC2014,29
3,TEA,1,,23,0.79,0.034347826,3.434782609,1,0,DEC2014,32
3,TEA,1,,23,0.99,0.043043478,4.304347826,1,0,DEC2014,33
3,WATER,1,,33.8,1.09,0.032248521,3.224852071,0,0,DEC2014,38
3,MILK,1,WHOLE MILK,128,7.99,0.062421875,6.2421875,0,0,DEC2014,42
3,MILK,1,WHOLE MILK,64,5.99,0.09359375,9.359375,0,0,DEC2014,43
3,SODA,1,,144,5.99,0.041597222,4.159722222,1,1,DEC2014,50
3,SODA-DIET,1,,67.6,1.99,0.02943787,2.943786982,0,0,DEC2014,57
3,SODA,1,,20,1.29,0.0645,6.45,1,0,DEC2014,59
3,SODA,1,,67.6,1.99,0.02943787,2.943786982,1,0,DEC2014,60
3,SODA-DIET,1,,20,1.89,0.0945,9.45,0,0,DEC2014,61
3,WATER,1,,198,3.49,0.017626263,1.762626263,0,1,DEC2014,67
3,WATER,1,,20,1.89,0.0945,9.45,0,0,DEC2014,79
3,SODA-DIET,1,,144,5.99,0.041597222,4.159722222,0,1,DEC2014,81
3,SODA-DIET,1,,144,5.99,0.041597222,4.159722222,0,1,DEC2014,85
3,SODA-DIET,1,,144,5.99,0.041597222,4.159722222,0,1,DEC2014,90
3,SODA-DIET,1,,144,5.99,0.041597222,4.159722222,0,1,DEC2014,91
3,SODA-DIET,1,,67.6,1.99,0.02943787,2.943786982,0,0,DEC2014,97
3,SODA-DIET,1,,67.6,1.99,0.02943787,2.943786982,0,0,DEC2014,98
3,SODA-DIET,1,,67.6,1.99,0.02943787,2.943786982,0,0,DEC2014,99
3,SODA-DIET,1,,67.6,1.99,0.02943787,2.943786982,0,0,DEC2014,100
3,ENERGY-DIET,1,,6,2.29,0.381666667,38.16666667,0,0,DEC2014,108
3,SODA-DIET,1,,20,1.79,0.0895,8.95,0,0,DEC2014,110
3,ENERGY-DIET,1,,8.4,2.19,0.260714286,26.07142857,0,0,DEC2014,113
3,ENERGY-DIET,1,,6,2.29,0.381666667,38.16666667,0,0,DEC2014,114
3,SODA,1,,144,5.99,0.041597222,4.159722222,1,1,DEC2014,117
3,SODA,1,,67.6,1.99,0.02943787,2.943786982,1,0,DEC2014,125
3,SODA,1,,66,1.99,0.030151515,3.015151515,1,1,DEC2014,129
3,SODA,1,,20,1.89,0.0945,9.45,1,1,DEC2014,130
3,SPORT,1,,32,1.99,0.0621875,6.21875,1,1,DEC2014,137
3,ENERGY,1,,6,2.29,0.381666667,38.16666667,1,0,DEC2014,162
3,SODA,1,,144,5.99,0.041597222,4.159722222,1,1,DEC2014,163
3,SODA,1,,33.8,1.99,0.05887574,5.887573964,1,0,DEC2014,170
3,SODA,1,,20,1.79,0.0895,8.95,1,0,DEC2014,172
3,SODA,1,,144,5.99,0.041597222,4.159722222,1,1,DEC2014,181
3,SODA,1,,20,1.79,0.0895,8.95,1,0,DEC2014,189
3,SODA,1,,67.6,1.99,0.02943787,2.943786982,1,0,DEC2014,190
3,SPORT-DIET,1,,24,1.39,0.057916667,5.791666667,0,0,DEC2014,191
3,ENERGY,1,,8.4,2.19,0.260714286,26.07142857,1,0,DEC2014,193
3,ENERGY,1,,6,2.29,0.381666667,38.16666667,1,0,DEC2014,195
3,TEA,1,,6,2.99,0.498333333,49.83333333,1,0,DEC2014,196
3,SODA,1,,144,5.99,0.041597222,4.159722222,1,1,DEC2014,16
3,SODA,1,,20,1.89,0.0945,9.45,1,0,DEC2014,214
3,SODA,1,,67.6,1.99,0.02943787,2.943786982,1,0,DEC2014,215
3,SODA,1,,20,1.79,0.0895,8.95,1,0,DEC2014,219
3,JUICE,1,,12,1.79,0.149166667,14.91666667,0,0,DEC2014,230
3,JUICE,1,,59,4.79,0.081186441,8.118644068,0,0,DEC2014,231
3,JUICE,1,COCONUT WATER,16.9,2.29,0.135502959,13.55029586,0,0,DEC2014,232
2,WATER,2,,33.8,2,0.059171598,5.917159763,0,0,DEC2014,29
2,TEA,2,,23,0.99,0.043043478,4.304347826,1,0,DEC2014,32
2,SODA,2,,12,1,0.083333333,8.333333333,1,0,DEC2014,58
2,SODA,2,,20,2,0.1,10,1,0,DEC2014,59
2,SODA,2,,67.6,3,0.044378698,4.437869822,1,0,DEC2014,60
2,SODA-DIET,2,,20,2,0.1,10,0,0,DEC2014,61
2,MILK,2,,64,3.99,0.06234375,6.234375,0,1,DEC2014,72
2,WATER,2,,20,1.25,0.0625,6.25,0,0,DEC2014,79
2,SODA-DIET,2,,67.6,3,0.044378698,4.437869822,0,0,DEC2014,97
2,SODA-DIET,2,,12,1,0.083333333,8.333333333,0,0,DEC2014,104
2,SODA-DIET,2,,20,2,0.1,10,0,0,DEC2014,105
2,SODA-DIET,2,,12,1,0.083333333,8.333333333,0,0,DEC2014,106
2,ENERGY-DIET,2,,6,2.5,0.416666667,41.66666667,0,0,DEC2014,108
2,SODA-DIET,2,,12,1,0.083333333,8.333333333,0,0,DEC2014,111
2,SODA-DIET,2,,20,2,0.1,10,0,0,DEC2014,112
2,ENERGY-DIET,2,,8.4,2.5,0.297619048,29.76190476,0,0,DEC2014,113
2,ENERGY-DIET,2,,6,2.5,0.416666667,41.66666667,0,0,DEC2014,114
2,SODA,2,,12,1,0.083333333,8.333333333,1,0,DEC2014,126
2,SODA,2,,20,2,0.1,10,1,1,DEC2014,130
2,SPORT,2,,28,2.5,0.089285714,8.928571429,1,0,DEC2014,140
2,ENERGY,2,,6,2.5,0.416666667,41.66666667,1,0,DEC2014,162
2,SODA,2,,12,1,0.083333333,8.333333333,1,0,DEC2014,188
2,SODA,2,,20,2,0.1,10,1,0,DEC2014,189
2,SODA,2,,67.6,2.5,0.036982249,3.698224852,1,0,DEC2014,190
2,ENERGY,2,,8.4,2.5,0.297619048,29.76190476,1,0,DEC2014,193
2,ENERGY,2,,6,2.5,0.416666667,41.66666667,1,0,DEC2014,195
2,SODA,2,,12,1,0.083333333,8.333333333,1,0,DEC2014,213
2,SODA,2,,20,2,0.1,10,1,0,DEC2014,214
2,SODA,2,,67.6,3,0.044378698,4.437869822,1,0,DEC2014,215
2,JUICE,2,,12,2.49,0.2075,20.75,0,0,DEC2014,230
2,JUICE,2,COCONUT WATER,16.9,3,0.177514793,17.75147929,0,0,DEC2014,232
8,TEA,2,,23,0.99,0.043043478,4.304347826,1,0,DEC2014,32
8,TEA,2,,23,0.99,0.043043478,4.304347826,1,0,DEC2014,33
8,MILK,2,WHOLE MILK,64,3.25,0.05078125,5.078125,0,0,DEC2014,43
8,SODA,2,,12,0.69,0.0575,5.75,1,0,DEC2014,58
8,SODA,2,,20,1.38,0.069,6.9,1,0,DEC2014,59
8,SODA,2,,67.6,2.28,0.033727811,3.372781065,1,0,DEC2014,60
8,WATER,2,,33.8,1.49,0.04408284,4.408284024,0,0,DEC2014,76
8,WATER,2,,23.6,1.25,0.052966102,5.296610169,0,0,DEC2014,77
8,SODA-DIET,2,,12,0.69,0.0575,5.75,0,0,DEC2014,104
8,SODA-DIET,2,,20,1.38,0.069,6.9,0,0,DEC2014,105
8,SODA-DIET,2,,12,1.38,0.115,11.5,0,0,DEC2014,109
8,SODA-DIET,2,,20,1.38,0.069,6.9,0,0,DEC2014,112
8,ENERGY-DIET,2,,8.4,2.28,0.271428571,27.14285714,0,0,DEC2014,113
8,ENERGY-DIET,2,,6,2.28,0.38,38,0,0,DEC2014,114
8,SODA,2,,20,1.38,0.069,6.9,1,1,DEC2014,119
8,JUICE,2,,15.2,1.95,0.128289474,12.82894737,0,0,DEC2014,160
8,ENERGY,2,,6,2.28,0.38,38,1,0,DEC2014,162
8,SODA,2,,12,0.69,0.0575,5.75,1,0,DEC2014,188
8,SODA,2,,67.6,2.24,0.033136095,3.313609467,1,0,DEC2014,190
8,JUICE,2,COCONUT WATER,16.9,2.29,0.135502959,13.55029586,0,1,DEC2014,192
8,ENERGY,2,,8.4,2.28,0.271428571,27.14285714,1,0,DEC2014,193
8,ENERGY,2,,6,2.28,0.38,38,1,0,DEC2014,195
8,SODA,2,,20,1.38,0.069,6.9,1,0,DEC2014,214
8,SODA,2,,20,1.38,0.069,6.9,1,0,DEC2014,219
11,SODA-DIET,1,,12,0.55,0.045833333,4.583333333,0,1,DEC2014,88
11,SODA-DIET,1,,72,3.29,0.045694444,4.569444444,0,1,DEC2014,89
11,WATER,1,,128,2.99,0.023359375,2.3359375,0,1,DEC2014,127
11,WATER,1,,16.5,1.99,0.120606061,12.06060606,0,1,DEC2014,128
11,SODA,1,,12,0.55,0.045833333,4.583333333,1,1,DEC2014,147
11,SODA,1,,72,3.29,0.045694444,4.569444444,1,1,DEC2014,148
11,WATER,1,,23.6,1.17,0.049576271,4.957627119,0,1,DEC2014,168
11,WATER,1,,50,1.49,0.0298,2.98,0,1,DEC2014,169
11,SODA,1,,40,3.99,0.09975,9.975,1,1,DEC2014,176
11,SODA,1,,33,2.49,0.075454545,7.545454545,1,1,DEC2014,177
11,JUICE,1,,64,4.99,0.07796875,7.796875,0,1,DEC2014,225
11,JUICE,1,,64,2.99,0.04671875,4.671875,0,1,DEC2014,228
11,TEA,1,,33.8,1.49,0.04408284,4.408284024,1,1,DEC2014,19
11,JUICE,1,,16,1.99,0.124375,12.4375,0,1,DEC2014,229
11,MILK,1,WHOLE MILK,128,3.99,0.031171875,3.1171875,0,1,DEC2014,20
11,JUICE,1,COCONUT WATER,33,3.69,0.111818182,11.18181818,0,1,DEC2014,239
11,JUICE,1,COCONUT WATER,11,1.29,0.117272727,11.72727273,0,1,DEC2014,240
20,WATER,3,,33.8,2.29,0.067751479,6.775147929,0,0,DEC2014,29
20,TEA,3,,23,0.99,0.043043478,4.304347826,1,0,DEC2014,32
20,TEA,3,,23,0.99,0.043043478,4.304347826,1,0,DEC2014,33
20,WATER,3,,23.7,1.59,0.067088608,6.708860759,0,1,DEC2014,37
20,MILK,3,LOW FAT MILK,128,3.79,0.029609375,2.9609375,0,0,DEC2014,40
20,MILK,3,WHOLE MILK,128,3.79,0.029609375,2.9609375,0,0,DEC2014,42
20,MILK,3,WHOLE MILK,64,2.79,0.04359375,4.359375,0,0,DEC2014,43
20,JUICE DRINK,3,,60,3.79,0.063166667,6.316666667,1,1,DEC2014,5
20,SODA,3,,144,5.99,0.041597222,4.159722222,1,1,DEC2014,50
20,SODA-DIET,3,,67.6,2.19,0.03239645,3.23964497,0,0,DEC2014,57
20,SODA,3,,20,1.79,0.0895,8.95,1,0,DEC2014,59
20,SODA,3,,67.6,2.19,0.03239645,3.23964497,1,0,DEC2014,60
20,SODA-DIET,3,,20,1.79,0.0895,8.95,0,0,DEC2014,61
20,SODA-DIET,3,,144,5.99,0.041597222,4.159722222,0,1,DEC2014,81
20,SODA-DIET,3,,144,5.99,0.041597222,4.159722222,0,1,DEC2014,85
20,SODA-DIET,3,,144,5.99,0.041597222,4.159722222,0,1,DEC2014,91
20,SODA-DIET,3,,67.6,2.19,0.03239645,3.23964497,0,0,DEC2014,97
20,SODA-DIET,3,,67.6,2.19,0.03239645,3.23964497,0,0,DEC2014,100
20,SODA-DIET,3,,20,1.99,0.0995,9.95,0,0,DEC2014,105
20,ENERGY-DIET,3,,6,1.99,0.331666667,33.16666667,0,0,DEC2014,108
20,SODA-DIET,3,,20,1.99,0.0995,9.95,0,0,DEC2014,112
20,ENERGY-DIET,3,,8.4,2.19,0.260714286,26.07142857,0,0,DEC2014,113
20,ENERGY-DIET,3,,6,2.49,0.415,41.5,0,0,DEC2014,114
20,SODA,3,,144,5.99,0.041597222,4.159722222,1,1,DEC2014,117
20,SODA,3,,67.6,1.99,0.02943787,2.943786982,1,0,DEC2014,125
20,MILK,3,WHOLE MILK,64,4.49,0.07015625,7.015625,0,0,DEC2014,146
20,ENERGY,3,,6,1.99,0.331666667,33.16666667,1,0,DEC2014,162
20,SODA,3,,144,5.99,0.041597222,4.159722222,1,1,DEC2014,163
20,SODA,3,,33.8,2.19,0.064792899,6.479289941,1,0,DEC2014,170
20,SODA,3,,20,1.79,0.0895,8.95,1,0,DEC2014,172
20,SODA,3,,144,5.99,0.041597222,4.159722222,1,1,DEC2014,181
20,SODA,3,,20,1.99,0.0995,9.95,1,0,DEC2014,189
20,SODA,3,,67.6,2.19,0.03239645,3.23964497,1,0,DEC2014,190
20,ENERGY,3,,8.4,2.19,0.260714286,26.07142857,1,0,DEC2014,193
20,ENERGY,3,,6,2.49,0.415,41.5,1,0,DEC2014,195
20,TEA,3,,6,3.99,0.665,66.5,1,0,DEC2014,196
20,SODA,3,,144,5.99,0.041597222,4.159722222,1,1,DEC2014,16
20,SODA,3,,67.6,2.19,0.03239645,3.23964497,1,0,DEC2014,215
20,SODA,3,,20,1.99,0.0995,9.95,1,0,DEC2014,219
20,JUICE,3,,12,1.79,0.149166667,14.91666667,0,0,DEC2014,230
20,JUICE,3,COCONUT WATER,16.9,3.29,0.194674556,19.46745562,0,0,DEC2014,232
20,JUICE,3,,62.37,4.99,0.080006413,8.000641334,0,1,DEC2014,236
21,JUICE,1,COCONUT WATER,17.6,1.99,0.113068182,11.30681818,0,1,DEC2014,22
21,SODA,1,,66,1.99,0.030151515,3.015151515,1,1,DEC2014,23
21,SODA,1,,12,0.59,0.049166667,4.916666667,1,1,DEC2014,24
21,MILK,1,,128,3.99,0.031171875,3.1171875,0,1,DEC2014,1
21,MILK,1,,64,3.49,0.05453125,5.453125,0,1,DEC2014,2
21,JUICE,1,,62.37,2.99,0.047939715,4.793971461,0,1,DEC2014,25
21,JUICE,1,,27,2.99,0.110740741,11.07407407,0,1,DEC2014,26
21,SODA,1,,12,0.59,0.049166667,4.916666667,1,0,DEC2014,58
21,WATER,1,,23.6,0.69,0.029237288,2.923728814,0,0,DEC2014,77
21,SODA-DIET,1,,12,1.19,0.099166667,9.916666667,0,1,DEC2014,84
21,SODA,1,,12,0.59,0.049166667,4.916666667,1,1,DEC2014,123
21,SODA-DIET,1,,12,1.19,0.099166667,9.916666667,0,1,DEC2014,124
21,ENERGY,1,,12,2.79,0.2325,23.25,1,1,DEC2014,142
21,TEA-DIET,1,,16,1.59,0.099375,9.9375,0,1,DEC2014,150
21,TEA,1,,16,1.59,0.099375,9.9375,1,1,DEC2014,151
21,JUICE,1,,16,3.99,0.249375,24.9375,0,1,DEC2014,178
21,TEA,1,,6,2.99,0.498333333,49.83333333,1,0,DEC2014,196
16,WATER,2,,33.8,1.79,0.05295858,5.295857988,0,0,JUN2015,29
16,WATER,2,,33.8,1.79,0.05295858,5.295857988,0,0,JUN2015,38
16,MILK,2,LOW FAT MILK,128,3.99,0.031171875,3.1171875,0,0,JUN2015,40
16,MILK,2,LOW FAT MILK,64,2.79,0.04359375,4.359375,0,0,JUN2015,41
16,MILK,2,WHOLE MILK,128,3.99,0.031171875,3.1171875,0,0,JUN2015,42
16,MILK,2,WHOLE MILK,64,2.79,0.04359375,4.359375,0,0,JUN2015,43
16,JUICE,2,,63.9,4.59,0.071830986,7.183098592,0,0,JUN2015,44
16,SODA,2,,144,6.79,0.047152778,4.715277778,1,1,JUN2015,50
16,SODA,2,,12,1.29,0.1075,10.75,1,0,JUN2015,58
16,SODA,2,,20,1.99,0.0995,9.95,1,0,JUN2015,59
16,SODA,2,,67.6,3.19,0.047189349,4.718934911,1,0,JUN2015,60
16,SODA-DIET,2,,144,5.99,0.041597222,4.159722222,0,1,JUN2015,81
16,SODA-DIET,2,,144,5.99,0.041597222,4.159722222,0,1,JUN2015,91
16,SODA-DIET,2,,67.6,3.19,0.047189349,4.718934911,0,0,JUN2015,97
16,SODA-DIET,2,,67.6,3.19,0.047189349,4.718934911,0,0,JUN2015,100
16,SODA-DIET,2,,20,1.99,0.0995,9.95,0,0,JUN2015,101
16,SODA-DIET,2,,67.6,3.19,0.047189349,4.718934911,0,0,JUN2015,102
16,SODA-DIET,2,,20,1.99,0.0995,9.95,0,0,JUN2015,105
16,SODA-DIET,2,,12,1.29,0.1075,10.75,0,0,JUN2015,106
16,ENERGY-DIET,2,,6,2.79,0.465,46.5,0,0,JUN2015,108
16,SODA-DIET,2,,20,1.99,0.0995,9.95,0,0,JUN2015,110
16,SODA-DIET,2,,12,1.29,0.1075,10.75,0,0,JUN2015,111
16,SODA-DIET,2,,20,1.99,0.0995,9.95,0,0,JUN2015,112
16,ENERGY-DIET,2,,8.4,2.69,0.320238095,32.02380952,0,0,JUN2015,113
16,ENERGY-DIET,2,,6,2.19,0.365,36.5,0,0,JUN2015,114
16,SODA,2,,12,1.29,0.1075,10.75,1,0,JUN2015,126
16,SODA,2,,20,1.89,0.0945,9.45,1,1,JUN2015,130
16,SPORT,2,,28,2.59,0.0925,9.25,1,0,JUN2015,140
16,MILK,2,WHOLE MILK,64,5.79,0.09046875,9.046875,0,0,JUN2015,146
16,JUICE,2,,15.2,2.39,0.157236842,15.72368421,0,0,JUN2015,160
16,ENERGY,2,,6,2.79,0.465,46.5,1,0,JUN2015,162
16,SODA,2,,20,1.99,0.0995,9.95,1,0,JUN2015,172
16,SODA,2,,144,6.79,0.047152778,4.715277778,1,1,JUN2015,181
16,SODA,2,,20,1.99,0.0995,9.95,1,0,JUN2015,189
16,SODA,2,,67.6,3.19,0.047189349,4.718934911,1,0,JUN2015,190
16,ENERGY,2,,8.4,2.69,0.320238095,32.02380952,1,0,JUN2015,193
16,ENERGY,2,,6,2.19,0.365,36.5,1,0,JUN2015,195
16,TEA,2,,6,3.69,0.615,61.5,1,0,JUN2015,196
16,SODA,2,,144,6.79,0.047152778,4.715277778,1,1,JUN2015,16
16,SODA,2,,12,1.29,0.1075,10.75,1,0,JUN2015,213
16,SODA,2,,20,1.99,0.0995,9.95,1,0,JUN2015,214
16,SODA,2,,67.6,3.19,0.047189349,4.718934911,1,0,JUN2015,215
16,JUICE,2,,12,1.99,0.165833333,16.58333333,0,0,JUN2015,230
16,JUICE,2,,59,5.29,0.089661017,8.966101695,0,0,JUN2015,231
16,JUICE,2,COCONUT WATER,16.9,3.19,0.188757396,18.87573964,0,0,JUN2015,232
6,TEA,4,,23,0.99,0.043043478,4.304347826,1,0,JUN2015,32
6,MILK,4,LOW FAT MILK,64,3.49,0.05453125,5.453125,0,0,JUN2015,41
6,MILK,4,WHOLE MILK,64,3.49,0.05453125,5.453125,0,0,JUN2015,43
6,SODA,4,,16,1.29,0.080625,8.0625,1,1,JUN2015,48
6,SODA-DIET,4,,16,1.29,0.080625,8.0625,0,1,JUN2015,51
6,SODA,4,,16,0.99,0.061875,6.1875,1,1,JUN2015,52
6,WATER,4,,16.9,0.99,0.058579882,5.857988166,0,1,JUN2015,69
6,WATER,4,,20,0.99,0.0495,4.95,0,1,JUN2015,80
6,SODA-DIET,4,,16.9,1.29,0.076331361,7.633136095,0,1,JUN2015,82
6,SODA-DIET,4,,20,1.89,0.0945,9.45,0,0,JUN2015,112
6,ENERGY-DIET,4,,6,2.3,0.383333333,38.33333333,0,0,JUN2015,114
6,SODA,4,,20,1.69,0.0845,8.45,1,1,JUN2015,119
6,SODA,4,,33,1.25,0.037878788,3.787878788,1,1,JUN2015,121
6,WATER,4,,16.5,2.99,0.181212121,18.12121212,0,1,JUN2015,128
6,SODA,4,,20,0.99,0.0495,4.95,1,1,JUN2015,130
6,SODA,4,,6,0.99,0.165,16.5,1,0,JUN2015,133
6,SPORT,4,,28,1.99,0.071071429,7.107142857,1,0,JUN2015,140
6,SODA,4,,15.2,1.99,0.130921053,13.09210526,1,1,JUN2015,159
6,ENERGY,4,,6,3.29,0.548333333,54.83333333,1,0,JUN2015,162
6,SODA,4,,12,1.69,0.140833333,14.08333333,1,0,JUN2015,171
6,SODA,4,,20,1.89,0.0945,9.45,1,0,JUN2015,189
6,ENERGY,4,,8.4,2.59,0.308333333,30.83333333,1,0,JUN2015,193
6,ENERGY,4,,6,2.3,0.383333333,38.33333333,1,0,JUN2015,195
6,TEA,4,,20,1.69,0.0845,8.45,1,1,JUN2015,205
6,SODA,4,,12,1.89,0.1575,15.75,1,0,JUN2015,213
6,SODA,4,,20,0.99,0.0495,4.95,1,0,JUN2015,219
6,JUICE DRINK,4,,16,1.59,0.099375,9.9375,1,1,JUN2015,220
6,JUICE,4,COCONUT WATER,16.9,2.89,0.171005917,17.10059172,0,0,JUN2015,232
10,WATER,2,,33.8,1.99,0.05887574,5.887573964,0,0,JUN2015,29
10,TEA,2,,23,0.99,0.043043478,4.304347826,1,0,JUN2015,32
10,TEA,2,,23,0.99,0.043043478,4.304347826,1,0,JUN2015,33
10,MILK,2,WHOLE MILK,128,4.99,0.038984375,3.8984375,0,0,JUN2015,42
10,MILK,2,WHOLE MILK,64,2.99,0.04671875,4.671875,0,0,JUN2015,43
10,JUICE,2,,63.9,2.99,0.046791862,4.679186228,0,0,JUN2015,44
10,JUICE,2,COCONUT WATER,17,2.49,0.146470588,14.64705882,0,1,JUN2015,4
10,SODA-DIET,2,,16,1.25,0.078125,7.8125,0,1,JUN2015,51
10,SODA-DIET,2,,67.6,2.5,0.036982249,3.698224852,0,0,JUN2015,57
10,SODA,2,,12,0.75,0.0625,6.25,1,0,JUN2015,58
10,SODA,2,,20,1.75,0.0875,8.75,1,0,JUN2015,59
10,SODA,2,,67.6,2.5,0.036982249,3.698224852,1,0,JUN2015,60
10,SODA-DIET,2,,20,1.75,0.0875,8.75,0,0,JUN2015,61
10,WATER,2,,20,1.5,0.075,7.5,0,0,JUN2015,79
10,SODA-DIET,2,,67.6,2.5,0.036982249,3.698224852,0,0,JUN2015,97
10,SODA-DIET,2,,67.6,2.5,0.036982249,3.698224852,0,0,JUN2015,100
10,SODA-DIET,2,,20,1.75,0.0875,8.75,0,0,JUN2015,105
10,ENERGY-DIET,2,,6,2.5,0.416666667,41.66666667,0,0,JUN2015,108
10,SODA-DIET,2,,20,1.75,0.0875,8.75,0,0,JUN2015,112
10,ENERGY-DIET,2,,8.4,2.49,0.296428571,29.64285714,0,0,JUN2015,113
10,ENERGY-DIET,2,,6,2.5,0.416666667,41.66666667,0,0,JUN2015,114
10,SODA,2,,66,2.5,0.037878788,3.787878788,1,1,JUN2015,129
10,SODA,2,,20,1.75,0.0875,8.75,1,1,JUN2015,130
10,SPORT,2,,28,2.5,0.089285714,8.928571429,1,0,JUN2015,140
10,JUICE,2,,15.2,1.99,0.130921053,13.09210526,0,0,JUN2015,160
10,ENERGY,2,,6,2.5,0.416666667,41.66666667,1,0,JUN2015,162
10,SODA,2,,20,1.75,0.0875,8.75,1,0,JUN2015,172
10,SODA,2,,12,0.75,0.0625,6.25,1,0,JUN2015,188
10,SODA,2,,20,1.75,0.0875,8.75,1,0,JUN2015,189
10,SODA,2,,67.6,2.5,0.036982249,3.698224852,1,0,JUN2015,190
10,ENERGY,2,,8.4,2.49,0.296428571,29.64285714,1,0,JUN2015,193
10,ENERGY,2,,6,2.5,0.416666667,41.66666667,1,0,JUN2015,195
10,TEA,2,,6,2.99,0.498333333,49.83333333,1,0,JUN2015,196
10,SODA,2,,12,2.25,0.1875,18.75,1,1,JUN2015,203
10,TEA-DIET,2,,6,1.5,0.25,25,0,0,JUN2015,206
10,TEA,2,,6,1.5,0.25,25,1,0,JUN2015,207
10,SODA,2,,12,0.75,0.0625,6.25,1,0,JUN2015,213
10,SODA,2,,20,1.75,0.0875,8.75,1,0,JUN2015,214
10,SODA,2,,67.6,2.5,0.036982249,3.698224852,1,0,JUN2015,215
10,JUICE DRINK,2,,66,0.99,0.015,1.5,1,1,JUN2015,18
10,JUICE DRINK,2,,67.6,0.99,0.01464497,1.464497041,1,0,JUN2015,18
10,JUICE,2,,12,2.25,0.1875,18.75,0,0,JUN2015,230
25,JUICE,1,,62.37,8.99,0.144139811,14.41398108,0,1,JUN2015,27
25,WATER,1,,33.8,1.79,0.05295858,5.295857988,0,0,JUN2015,29
25,MILK,1,LOW FAT MILK,128,4.99,0.038984375,3.8984375,0,1,JUN2015,6
25,MILK,1,LOW FAT MILK,64,2.99,0.04671875,4.671875,0,1,JUN2015,7
25,MILK,1,WHOLE MILK,128,4.99,0.038984375,3.8984375,0,1,JUN2015,8
25,MILK,1,WHOLE MILK,64,2.99,0.04671875,4.671875,0,1,JUN2015,9
25,SODA,1,,144,7.63,0.052986111,5.298611111,1,1,JUN2015,50
25,SODA,1,,60,5.29,0.088166667,8.816666667,1,1,JUN2015,11
25,SODA-DIET,1,,60,4.69,0.078166667,7.816666667,0,1,JUN2015,243
25,SODA,1,,48,5.47,0.113958333,11.39583333,1,1,JUN2015,54
25,SODA,1,,96,6.45,0.0671875,6.71875,1,1,JUN2015,55
25,SODA-DIET,1,,60,4.69,0.078166667,7.816666667,0,1,JUN2015,244
25,SODA-DIET,1,,67.6,2.19,0.03239645,3.23964497,0,0,JUN2015,57
25,SODA,1,,20,2.19,0.1095,10.95,1,0,JUN2015,59
25,SODA,1,,67.6,2.87,0.042455621,4.24556213,1,0,JUN2015,60
25,SODA-DIET,1,,20,1.99,0.0995,9.95,0,0,JUN2015,61
25,WATER,1,,33.8,1.29,0.03816568,3.816568047,0,0,JUN2015,76
25,SODA-DIET,1,,144,6.19,0.042986111,4.298611111,0,1,JUN2015,81
25,SODA-DIET,1,,144,5.99,0.041597222,4.159722222,0,1,JUN2015,91
25,SODA-DIET,1,,67.6,2.19,0.03239645,3.23964497,0,0,JUN2015,97
25,SODA-DIET,1,,67.6,1.99,0.02943787,2.943786982,0,0,JUN2015,98
25,SODA-DIET,1,,67.6,1.99,0.02943787,2.943786982,0,0,JUN2015,100
25,SODA-DIET,1,,20,1.99,0.0995,9.95,0,0,JUN2015,105
25,ENERGY-DIET,1,,6,2.49,0.415,41.5,0,0,JUN2015,108
25,SODA-DIET,1,,20,1.89,0.0945,9.45,0,0,JUN2015,112
25,ENERGY-DIET,1,,8.4,2.49,0.296428571,29.64285714,0,0,JUN2015,113
25,ENERGY-DIET,1,,6,2.39,0.398333333,39.83333333,0,0,JUN2015,114
25,SODA,1,,144,7.43,0.051597222,5.159722222,1,1,JUN2015,117
25,SODA,1,,60,5.59,0.093166667,9.316666667,1,1,JUN2015,122
25,SODA-DIET,1,,60,4.99,0.083166667,8.316666667,0,1,JUN2015,247
25,SODA,1,,67.6,2.67,0.039497041,3.949704142,1,0,JUN2015,125
25,JUICE DRINK,1,,48,4.99,0.103958333,10.39583333,1,1,JUN2015,149
25,SODA,1,,12.5,1.81,0.1448,14.48,1,0,JUN2015,153
25,ENERGY,1,,6,2.65,0.441666667,44.16666667,1,0,JUN2015,162
25,SODA,1,,144,5.99,0.041597222,4.159722222,1,1,JUN2015,163
25,SODA-DIET,1,,60,4.99,0.083166667,8.316666667,0,1,JUN2015,166
25,SODA,1,,33.8,2.67,0.078994083,7.899408284,1,0,JUN2015,170
25,SODA,1,,144,5.99,0.041597222,4.159722222,1,1,JUN2015,181
25,SODA,1,,96,5.95,0.061979167,6.197916667,1,1,JUN2015,184
25,SODA,1,,60,5.59,0.093166667,9.316666667,1,1,JUN2015,185
25,SODA-DIET,1,,96,4.99,0.051979167,5.197916667,0,1,JUN2015,186
25,SODA-DIET,1,,60,4.99,0.083166667,8.316666667,0,1,JUN2015,187
25,SODA,1,,20,2.09,0.1045,10.45,1,0,JUN2015,189
25,SODA,1,,67.6,2.67,0.039497041,3.949704142,1,0,JUN2015,190
25,ENERGY,1,,8.4,2.57,0.305952381,30.5952381,1,0,JUN2015,193
25,ENERGY,1,,6,2.55,0.425,42.5,1,0,JUN2015,195
25,TEA,1,,6,3.49,0.581666667,58.16666667,1,0,JUN2015,196
25,SODA,1,,20,2.19,0.1095,10.95,1,0,JUN2015,214
25,SODA,1,,67.6,2.87,0.042455621,4.24556213,1,0,JUN2015,215
25,SODA,1,,20,1.89,0.0945,9.45,1,0,JUN2015,219
25,JUICE,1,,59,5.99,0.101525424,10.15254237,0,0,JUN2015,231
25,JUICE,1,COCONUT WATER,16.9,2.99,0.176923077,17.69230769,0,0,JUN2015,232
1,WATER,2,,33.8,1.59,0.04704142,4.704142012,0,0,JUN2015,29
1,WATER,2,,33.8,1.35,0.039940828,3.99408284,0,0,JUN2015,38
1,SODA,2,,12,1,0.083333333,8.333333333,1,0,JUN2015,58
1,SODA,2,,20,2,0.1,10,1,0,JUN2015,59
1,WATER,2,,33.8,1.35,0.039940828,3.99408284,0,0,JUN2015,76
1,WATER,2,,20,1,0.05,5,0,0,JUN2015,79
1,SODA-DIET,2,,20,2,0.1,10,0,0,JUN2015,101
1,SODA-DIET,2,,12,1,0.083333333,8.333333333,0,0,JUN2015,104
1,SODA-DIET,2,,20,2,0.1,10,0,0,JUN2015,105
1,SODA-DIET,2,,12,1,0.083333333,8.333333333,0,0,JUN2015,106
1,ENERGY-DIET,2,,6,2.49,0.415,41.5,0,0,JUN2015,108
1,SODA-DIET,2,,12,1,0.083333333,8.333333333,0,0,JUN2015,109
1,SODA-DIET,2,,20,2,0.1,10,0,0,JUN2015,110
1,SODA-DIET,2,,12,1,0.083333333,8.333333333,0,0,JUN2015,111
1,SODA-DIET,2,,20,2,0.1,10,0,0,JUN2015,112
1,ENERGY-DIET,2,,8.4,2.95,0.351190476,35.11904762,0,0,JUN2015,113
1,ENERGY-DIET,2,,6,2.49,0.415,41.5,0,0,JUN2015,114
1,SODA-DIET,2,,12,1,0.083333333,8.333333333,0,0,JUN2015,115
1,SODA,2,,12,1,0.083333333,8.333333333,1,0,JUN2015,126
1,SPORT,2,,28,1.99,0.071071429,7.107142857,1,0,JUN2015,140
1,ENERGY,2,,6,2.49,0.415,41.5,1,0,JUN2015,162
1,SODA,2,,12,1,0.083333333,8.333333333,1,0,JUN2015,171
1,SODA,2,,20,2,0.1,10,1,0,JUN2015,172
1,SODA,2,,12,1,0.083333333,8.333333333,1,0,JUN2015,188
1,SODA,2,,20,2,0.1,10,1,0,JUN2015,189
1,SPORT-DIET,2,,24,1.89,0.07875,7.875,0,0,JUN2015,191
1,ENERGY,2,,8.4,2.95,0.351190476,35.11904762,1,0,JUN2015,193
1,ENERGY,2,,6,2.49,0.415,41.5,1,0,JUN2015,195
1,TEA,2,,6,3.79,0.631666667,63.16666667,1,0,JUN2015,196
1,SODA,2,,12,1,0.083333333,8.333333333,1,0,JUN2015,213
1,SODA,2,,20,2,0.1,10,1,0,JUN2015,214
1,SODA,2,,20,2,0.1,10,1,0,JUN2015,219
1,JUICE,2,COCONUT WATER,16.9,3.39,0.200591716,20.0591716,0,0,JUN2015,232
24,TEA,1,,23,0.99,0.043043478,4.304347826,1,0,JUN2015,32
24,TEA,1,,23,0.99,0.043043478,4.304347826,1,0,JUN2015,33
24,WATER,1,,33.8,0.89,0.026331361,2.633136095,0,0,JUN2015,38
24,MILK,1,LOW FAT MILK,128,4.79,0.037421875,3.7421875,0,0,JUN2015,40
24,MILK,1,LOW FAT MILK,64,2.99,0.04671875,4.671875,0,0,JUN2015,41
24,MILK,1,WHOLE MILK,128,4.79,0.037421875,3.7421875,0,0,JUN2015,42
24,MILK,1,WHOLE MILK,64,2.99,0.04671875,4.671875,0,0,JUN2015,43
24,JUICE,1,,63.9,3.49,0.054616588,5.461658842,0,0,JUN2015,44
24,JUICE DRINK,1,,60,3.99,0.0665,6.65,1,1,JUN2015,5
24,JUICE DRINK,1,,60,3.99,0.0665,6.65,1,1,JUN2015,5
24,SODA,1,,144,6.99,0.048541667,4.854166667,1,1,JUN2015,50
24,SODA-DIET,1,,67.6,1.99,0.02943787,2.943786982,0,0,JUN2015,57
24,SODA,1,,20,1.99,0.0995,9.95,1,0,JUN2015,59
24,SODA,1,,67.6,1.99,0.02943787,2.943786982,1,0,JUN2015,60
24,SODA-DIET,1,,20,1.99,0.0995,9.95,0,0,JUN2015,61
24,SODA-DIET,1,,144,6.99,0.048541667,4.854166667,0,1,JUN2015,81
24,SODA-DIET,1,,67.6,1.99,0.02943787,2.943786982,0,0,JUN2015,97
24,TEA-DIET,1,,23,0.99,0.043043478,4.304347826,0,0,JUN2015,103
24,SODA-DIET,1,,20,1.99,0.0995,9.95,0,0,JUN2015,105
24,ENERGY-DIET,1,,6,1.99,0.331666667,33.16666667,0,0,JUN2015,108
24,ENERGY-DIET,1,,8.4,2.29,0.272619048,27.26190476,0,0,JUN2015,113
24,ENERGY-DIET,1,,6,1.99,0.331666667,33.16666667,0,0,JUN2015,114
24,MILK,1,LOW FAT MILK,64,4.99,0.07796875,7.796875,0,0,JUN2015,144
24,MILK,1,WHOLE MILK,64,4.99,0.07796875,7.796875,0,0,JUN2015,146
24,ENERGY,1,,6,1.99,0.331666667,33.16666667,1,0,JUN2015,162
24,ENERGY,1,,8.4,2.29,0.272619048,27.26190476,1,0,JUN2015,193
24,ENERGY,1,,6,1.99,0.331666667,33.16666667,1,0,JUN2015,195
24,TEA,1,,6,3.59,0.598333333,59.83333333,1,0,JUN2015,196
24,TEA-DIET,1,,6,1.49,0.248333333,24.83333333,0,0,JUN2015,206
24,TEA,1,,6,1.49,0.248333333,24.83333333,1,0,JUN2015,207
24,SODA,1,,144,6.99,0.048541667,4.854166667,1,1,JUN2015,16
24,SODA,1,,20,1.99,0.0995,9.95,1,0,JUN2015,214
24,SODA,1,,67.6,1.99,0.02943787,2.943786982,1,0,JUN2015,215
24,SODA,1,,20,0.99,0.0495,4.95,1,0,JUN2015,219
24,JUICE,1,,59,4.69,0.079491525,7.949152542,0,0,JUN2015,231
24,JUICE,1,COCONUT WATER,16.9,2.49,0.147337278,14.73372781,0,0,JUN2015,232
12,JUICE,2,,18,2.49,0.138333333,13.83333333,0,1,JUN2015,3
12,SODA-DIET,2,,12,1.39,0.115833333,11.58333333,0,1,JUN2015,45
12,MILK,2,LOW FAT MILK,128,7.99,0.062421875,6.2421875,0,1,JUN2015,6
12,MILK,2,WHOLE MILK,128,7.99,0.062421875,6.2421875,0,1,JUN2015,8
12,JUICE,2,,62.37,9.49,0.152156485,15.21564855,0,1,JUN2015,62
12,JUICE,2,,12.5,2.99,0.2392,23.92,0,1,JUN2015,155
12,JUICE,2,,15.2,3.29,0.216447368,21.64473684,0,1,JUN2015,175
12,TEA,2,,6,2.99,0.498333333,49.83333333,1,0,JUN2015,196
12,TEA,2,,16,1.89,0.118125,11.8125,1,1,JUN2015,223
12,JUICE,2,COCONUT WATER,11.1,2.29,0.206306306,20.63063063,0,1,JUN2015,234
15,TEA,3,,23,0.99,0.043043478,4.304347826,1,0,JUN2015,32
15,TEA,3,,23,0.99,0.043043478,4.304347826,1,0,JUN2015,33
15,JUICE DRINK,3,,60,4.69,0.078166667,7.816666667,1,1,JUN2015,5
15,SODA,3,,144,6.49,0.045069444,4.506944444,1,1,JUN2015,50
15,SODA,3,,48,4.99,0.103958333,10.39583333,1,1,JUN2015,53
15,SODA,3,,60,3.39,0.0565,5.65,1,1,JUN2015,11
15,SODA-DIET,3,,60,3.39,0.0565,5.65,0,1,JUN2015,244
15,SODA-DIET,3,,67.6,2.19,0.03239645,3.23964497,0,0,JUN2015,57
15,SODA,3,,20,1.94,0.097,9.7,1,0,JUN2015,59
15,SODA,3,,67.6,2.19,0.03239645,3.23964497,1,0,JUN2015,60
15,SODA-DIET,3,,20,1.94,0.097,9.7,0,0,JUN2015,61
15,MILK,3,LOW FAT MILK,128,3.39,0.026484375,2.6484375,0,1,JUN2015,63
15,MILK,3,LOW FAT MILK,64,2.59,0.04046875,4.046875,0,1,JUN2015,64
15,MILK,3,WHOLE MILK,128,3.39,0.026484375,2.6484375,0,1,JUN2015,71
15,MILK,3,WHOLE MILK,64,2.79,0.04359375,4.359375,0,1,JUN2015,72
15,JUICE,3,,62.37,3.79,0.060766394,6.07663941,0,1,JUN2015,73
15,WATER,3,,20,1.67,0.0835,8.35,0,0,JUN2015,79
15,SODA-DIET,3,,144,6.49,0.045069444,4.506944444,0,1,JUN2015,81
15,SODA-DIET,3,,67.6,2.19,0.03239645,3.23964497,0,0,JUN2015,97
15,SODA-DIET,3,,67.6,2.19,0.03239645,3.23964497,0,0,JUN2015,98
15,SODA-DIET,3,,67.6,2.19,0.03239645,3.23964497,0,0,JUN2015,100
15,SODA-DIET,3,,20,1.94,0.097,9.7,0,0,JUN2015,105
15,SODA-DIET,3,,12,2.19,0.1825,18.25,0,0,JUN2015,106
15,ENERGY-DIET,3,,6,2.49,0.415,41.5,0,0,JUN2015,108
15,SODA-DIET,3,,20,1.94,0.097,9.7,0,0,JUN2015,110
15,SODA-DIET,3,,20,1.94,0.097,9.7,0,0,JUN2015,112
15,ENERGY-DIET,3,,6,1.99,0.331666667,33.16666667,0,0,JUN2015,114
15,SODA,3,,144,6.49,0.045069444,4.506944444,1,1,JUN2015,117
15,SODA,3,,60,3.49,0.058166667,5.816666667,1,1,JUN2015,122
15,SODA,3,,67.6,2.19,0.03239645,3.23964497,1,0,JUN2015,125
15,SODA,3,,66,2.19,0.033181818,3.318181818,1,1,JUN2015,129
15,SPORT,3,,28,2.49,0.088928571,8.892857143,1,0,JUN2015,140
15,JUICE,3,,15.2,1.99,0.130921053,13.09210526,0,0,JUN2015,160
15,ENERGY,3,,6,2.49,0.415,41.5,1,0,JUN2015,162
15,SODA,3,,60,3.49,0.058166667,5.816666667,1,1,JUN2015,165
15,SODA,3,,20,1.94,0.097,9.7,1,0,JUN2015,172
15,SODA,3,,144,6.49,0.045069444,4.506944444,1,1,JUN2015,181
15,SODA,3,,60,3.49,0.058166667,5.816666667,1,1,JUN2015,185
15,SODA-DIET,3,,60,3.49,0.058166667,5.816666667,0,1,JUN2015,187
15,SODA,3,,20,1.94,0.097,9.7,1,0,JUN2015,189
15,SODA,3,,67.6,2.19,0.03239645,3.23964497,1,0,JUN2015,190
15,ENERGY,3,,6,1.99,0.331666667,33.16666667,1,0,JUN2015,195
15,SODA,3,,60,3.49,0.058166667,5.816666667,1,1,JUN2015,202
15,SODA,3,,144,6.49,0.045069444,4.506944444,1,1,JUN2015,16
15,SODA,3,,67.6,2.19,0.03239645,3.23964497,1,0,JUN2015,215
15,SODA,3,,20,1.94,0.097,9.7,1,0,JUN2015,219
15,JUICE,3,,12,1.99,0.165833333,16.58333333,0,0,JUN2015,230
15,JUICE,3,,59,4.49,0.076101695,7.610169492,0,0,JUN2015,231
15,JUICE,3,COCONUT WATER,16.9,3.19,0.188757396,18.87573964,0,0,JUN2015,232
19,WATER,4,,33.8,1.69,0.05,5,0,0,JUN2015,29
19,TEA,4,,23,1.22,0.053043478,5.304347826,1,0,JUN2015,32
19,TEA,4,,23,1.22,0.053043478,5.304347826,1,0,JUN2015,33
19,WATER,4,,33.8,1.19,0.035207101,3.520710059,0,0,JUN2015,38
19,MILK,4,LOW FAT MILK,64,4.29,0.06703125,6.703125,0,0,JUN2015,41
19,MILK,4,WHOLE MILK,64,4.29,0.06703125,6.703125,0,0,JUN2015,43
19,SODA,4,,16,1.45,0.090625,9.0625,1,1,JUN2015,52
19,SODA-DIET,4,,16,1.29,0.080625,8.0625,0,1,JUN2015,56
19,SODA,4,,20,1.89,0.0945,9.45,1,0,JUN2015,59
19,SODA-DIET,4,,20,1.69,0.0845,8.45,0,0,JUN2015,61
19,WATER,4,,20,1.29,0.0645,6.45,0,0,JUN2015,79
19,SODA-DIET,4,,20,1.69,0.0845,8.45,0,1,JUN2015,86
19,SODA-DIET,4,,20,1.69,0.0845,8.45,0,0,JUN2015,105
19,ENERGY-DIET,4,,6,2.45,0.408333333,40.83333333,0,0,JUN2015,108
19,SODA-DIET,4,,20,1.89,0.0945,9.45,0,0,JUN2015,110
19,SODA-DIET,4,,20,1.69,0.0845,8.45,0,0,JUN2015,112
19,ENERGY-DIET,4,,8.4,2.29,0.272619048,27.26190476,0,0,JUN2015,113
19,ENERGY-DIET,4,,6,2.69,0.448333333,44.83333333,0,0,JUN2015,114
19,SODA,4,,20,1.89,0.0945,9.45,1,1,JUN2015,119
19,SODA,4,,6,1.89,0.315,31.5,1,0,JUN2015,133
19,SPORT,4,,28,2.47,0.088214286,8.821428571,1,0,JUN2015,140
19,ENERGY,4,,6,2.45,0.408333333,40.83333333,1,0,JUN2015,162
19,SODA,4,,20,1.89,0.0945,9.45,1,0,JUN2015,172
19,SODA,4,,16,1.15,0.071875,7.1875,1,1,JUN2015,183
19,SODA,4,,20,1.89,0.0945,9.45,1,0,JUN2015,189
19,ENERGY,4,,8.4,3.11,0.370238095,37.02380952,1,0,JUN2015,193
19,ENERGY,4,,6,2.85,0.475,47.5,1,0,JUN2015,195
19,TEA,4,,6,1.69,0.281666667,28.16666667,1,0,JUN2015,207
19,TEA,4,,32,2.39,0.0746875,7.46875,1,1,JUN2015,207
19,SODA,4,,16,1.45,0.090625,9.0625,1,1,JUN2015,210
19,JUICE DRINK,4,,16,1.55,0.096875,9.6875,1,1,JUN2015,220
19,JUICE,4,,12,1.69,0.140833333,14.08333333,0,0,JUN2015,230
19,JUICE,4,COCONUT WATER,16.9,2.99,0.176923077,17.69230769,0,0,JUN2015,232
19,WATER-SWEET,4,,20,1.89,0.0945,9.45,1,1,JUN2015,235
14,SODA,2,,20,1.94,0.097,9.7,1,0,JUN2015,59
14,SODA,2,,67.6,2.43,0.035946746,3.594674556,1,0,JUN2015,60
14,SODA-DIET,2,,20,1.94,0.097,9.7,0,0,JUN2015,61
14,SODA-DIET,2,,67.6,2.43,0.035946746,3.594674556,0,0,JUN2015,97
14,SODA-DIET,2,,67.6,2.43,0.035946746,3.594674556,0,0,JUN2015,100
14,SODA-DIET,2,,67.6,2.94,0.043491124,4.349112426,0,0,JUN2015,102
14,SODA-DIET,2,,20,1.94,0.097,9.7,0,0,JUN2015,105
14,ENERGY-DIET,2,,6,2.29,0.381666667,38.16666667,0,0,JUN2015,108
14,SODA-DIET,2,,20,1.94,0.097,9.7,0,0,JUN2015,112
14,ENERGY-DIET,2,,8.4,2.29,0.272619048,27.26190476,0,0,JUN2015,113
14,ENERGY-DIET,2,,6,2.5,0.416666667,41.66666667,0,0,JUN2015,114
14,SODA,2,,20,0.99,0.0495,4.95,1,1,JUN2015,130
14,ENERGY,2,,6,2.29,0.381666667,38.16666667,1,0,JUN2015,162
14,SODA,2,,20,1.94,0.097,9.7,1,0,JUN2015,172
14,JUICE,2,COCONUT WATER,16.9,1.75,0.103550296,10.35502959,0,1,JUN2015,179
14,SODA,2,,20,1.94,0.097,9.7,1,0,JUN2015,189
14,SODA,2,,67.6,2.43,0.035946746,3.594674556,1,0,JUN2015,190
14,ENERGY,2,,8.4,2.29,0.272619048,27.26190476,1,0,JUN2015,193
14,ENERGY,2,,6,2.5,0.416666667,41.66666667,1,0,JUN2015,195
14,SODA,2,,12,0.99,0.0825,8.25,1,0,JUN2015,213
14,SODA,2,,67.6,2.94,0.043491124,4.349112426,1,0,JUN2015,215
14,SODA,2,,20,0.99,0.0495,4.95,1,0,JUN2015,219
22,SODA,2,,20,1,0.05,5,1,0,JUN2015,59
22,SODA-DIET,2,,20,1,0.05,5,0,0,JUN2015,61
22,WATER,2,,96,1,0.010416667,1.041666667,0,1,JUN2015,68
22,WATER,2,,20,1,0.05,5,0,0,JUN2015,79
22,ENERGY-DIET,2,,16,1,0.0625,6.25,0,1,JUN2015,93
22,SODA-DIET,2,,20,1,0.05,5,0,0,JUN2015,105
22,SODA-DIET,2,,20,1,0.05,5,0,0,JUN2015,112
22,JUICE,2,,14,1,0.071428571,7.142857143,0,1,JUN2015,116
22,WATER,2,,33,1,0.03030303,3.03030303,0,1,JUN2015,174
22,ENERGY,2,,16,1,0.0625,6.25,1,1,JUN2015,194
23,WATER,2,,33.8,1.74,0.05147929,5.147928994,0,0,JUN2015,29
23,JUICE DRINK,2,,6,0.55,0.091666667,9.166666667,1,0,JUN2015,47
23,SODA,2,,12,0.87,0.0725,7.25,1,0,JUN2015,58
23,SODA,2,,20,2.01,0.1005,10.05,1,0,JUN2015,59
23,SODA-DIET,2,,20,2.01,0.1005,10.05,0,0,JUN2015,61
23,SODA-DIET,2,,67.6,2.42,0.035798817,3.579881657,0,0,JUN2015,100
23,SODA-DIET,2,,12,0.87,0.0725,7.25,0,0,JUN2015,104
23,SODA-DIET,2,,20,2.01,0.1005,10.05,0,0,JUN2015,105
23,ENERGY-DIET,2,,6,2.47,0.411666667,41.16666667,0,0,JUN2015,108
23,SODA-DIET,2,,20,2.01,0.1005,10.05,0,0,JUN2015,112
23,ENERGY-DIET,2,,8.4,2.47,0.294047619,29.4047619,0,0,JUN2015,113
23,ENERGY-DIET,2,,6,2.47,0.411666667,41.16666667,0,0,JUN2015,114
23,SODA,2,,67.6,2.42,0.035798817,3.579881657,1,0,JUN2015,125
23,SODA,2,,12,0.87,0.0725,7.25,1,0,JUN2015,126
23,SPORT,2,,28,1.96,0.07,7,1,0,JUN2015,140
23,ENERGY,2,,6,2.47,0.411666667,41.16666667,1,0,JUN2015,162
23,SODA,2,,33.8,2.42,0.071597633,7.159763314,1,0,JUN2015,170
23,SODA,2,,12,0.87,0.0725,7.25,1,0,JUN2015,171
23,SODA,2,,20,2.01,0.1005,10.05,1,0,JUN2015,172
23,SODA,2,,20,2.01,0.1005,10.05,1,0,JUN2015,189
23,SODA,2,,67.6,2.42,0.035798817,3.579881657,1,0,JUN2015,190
23,ENERGY,2,,8.4,2.47,0.294047619,29.4047619,1,0,JUN2015,193
23,ENERGY,2,,6,2.47,0.411666667,41.16666667,1,0,JUN2015,195
23,TEA,2,,6,3.87,0.645,64.5,1,0,JUN2015,196
23,TEA-DIET,2,,20,2.25,0.1125,11.25,0,1,JUN2015,206
23,TEA,2,,6,2.01,0.335,33.5,1,0,JUN2015,207
23,SODA,2,,12,0.87,0.0725,7.25,1,0,JUN2015,213
23,SODA,2,,20,2.01,0.1005,10.05,1,0,JUN2015,214
23,SODA,2,,20,2.01,0.1005,10.05,1,0,JUN2015,219
23,JUICE DRINK,2,,11.3,0.87,0.07699115,7.699115044,1,0,JUN2015,222
4,TEA,4,,23,0.99,0.043043478,4.304347826,1,0,JUN2015,32
4,TEA,4,,23,0.99,0.043043478,4.304347826,1,0,JUN2015,33
4,WATER,4,,33.8,1.74,0.05147929,5.147928994,0,0,JUN2015,38
4,MILK,4,WHOLE MILK,128,4.99,0.038984375,3.8984375,0,0,JUN2015,42
4,MILK,4,WHOLE MILK,64,2.99,0.04671875,4.671875,0,0,JUN2015,43
4,SODA,4,,12,0.86,0.071666667,7.166666667,1,0,JUN2015,58
4,SODA,4,,20,1.69,0.0845,8.45,1,0,JUN2015,59
4,SODA,4,,67.6,2.98,0.04408284,4.408284024,1,0,JUN2015,60
4,WATER,4,,33.8,1.74,0.05147929,5.147928994,0,0,JUN2015,76
4,WATER,4,,23.6,1.44,0.061016949,6.101694915,0,0,JUN2015,77
4,WATER,4,,20,1.54,0.077,7.7,0,0,JUN2015,79
4,SODA-DIET,4,,67.6,2.98,0.04408284,4.408284024,0,0,JUN2015,97
4,SODA-DIET,4,,67.6,2.98,0.04408284,4.408284024,0,0,JUN2015,100
4,SODA-DIET,4,,12,0.86,0.071666667,7.166666667,0,0,JUN2015,104
4,SODA-DIET,4,,20,1.69,0.0845,8.45,0,0,JUN2015,105
4,ENERGY-DIET,4,,6,2.49,0.415,41.5,0,0,JUN2015,108
4,SODA-DIET,4,,20,1.69,0.0845,8.45,0,0,JUN2015,112
4,ENERGY-DIET,4,,8.4,2.29,0.272619048,27.26190476,0,0,JUN2015,113
4,ENERGY-DIET,4,,6,2.49,0.415,41.5,0,0,JUN2015,114
4,SPORT,4,,28,2.39,0.085357143,8.535714286,1,0,JUN2015,140
4,JUICE,4,,15.2,2.29,0.150657895,15.06578947,0,0,JUN2015,160
4,ENERGY,4,,6,2.49,0.415,41.5,1,0,JUN2015,162
4,SODA,4,,20,1.69,0.0845,8.45,1,0,JUN2015,172
4,SODA,4,,20,1.69,0.0845,8.45,1,0,JUN2015,189
4,SODA,4,,67.6,2.98,0.04408284,4.408284024,1,0,JUN2015,190
4,ENERGY,4,,8.4,2.29,0.272619048,27.26190476,1,0,JUN2015,193
4,ENERGY,4,,6,2.49,0.415,41.5,1,0,JUN2015,195
4,TEA-DIET,4,,6,1.54,0.256666667,25.66666667,0,0,JUN2015,206
4,TEA,4,,6,1.54,0.256666667,25.66666667,1,0,JUN2015,207
4,SODA,4,,20,1.69,0.0845,8.45,1,0,JUN2015,214
4,SODA,4,,20,0.99,0.0495,4.95,1,0,JUN2015,219
4,JUICE DRINK,4,,16,1.44,0.09,9,1,1,JUN2015,220
4,JUICE,4,,12,1.99,0.165833333,16.58333333,0,0,JUN2015,230
4,JUICE,4,COCONUT WATER,16.9,2.99,0.176923077,17.69230769,0,0,JUN2015,232
17,TEA,2,,23,0.99,0.043043478,4.304347826,1,0,JUN2015,32
17,TEA,2,,23,0.99,0.043043478,4.304347826,1,0,JUN2015,33
17,WATER,2,,33.8,1.75,0.051775148,5.177514793,0,0,JUN2015,38
17,MILK,2,LOW FAT MILK,128,5.49,0.042890625,4.2890625,0,0,JUN2015,40
17,MILK,2,LOW FAT MILK,64,3.49,0.05453125,5.453125,0,0,JUN2015,41
17,MILK,2,WHOLE MILK,128,5.49,0.042890625,4.2890625,0,0,JUN2015,42
17,MILK,2,WHOLE MILK,64,3.49,0.05453125,5.453125,0,0,JUN2015,43
17,SODA,2,,12,0.89,0.074166667,7.416666667,1,0,JUN2015,58
17,SODA,2,,20,1.79,0.0895,8.95,1,0,JUN2015,59
17,SODA,2,,67.6,1.99,0.02943787,2.943786982,1,0,JUN2015,60
17,SODA-DIET,2,,20,1.79,0.0895,8.95,0,0,JUN2015,61
17,WATER,2,,33.8,1.75,0.051775148,5.177514793,0,0,JUN2015,76
17,WATER,2,,23.6,1.5,0.063559322,6.355932203,0,0,JUN2015,77
17,SODA-DIET,2,,67.6,1.99,0.02943787,2.943786982,0,0,JUN2015,97
17,SODA-DIET,2,,67.6,1.99,0.02943787,2.943786982,0,0,JUN2015,100
17,SODA-DIET,2,,67.6,1.99,0.02943787,2.943786982,0,0,JUN2015,102
17,SODA-DIET,2,,12,0.89,0.074166667,7.416666667,0,0,JUN2015,104
17,SODA-DIET,2,,20,1.79,0.0895,8.95,0,0,JUN2015,105
17,ENERGY-DIET,2,,8.4,2.39,0.28452381,28.45238095,0,0,JUN2015,113
17,ENERGY-DIET,2,,6,2.5,0.416666667,41.66666667,0,0,JUN2015,114
17,SPORT,2,,28,2.5,0.089285714,8.928571429,1,0,JUN2015,140
17,MILK,2,LOW FAT MILK,64,4.99,0.07796875,7.796875,0,0,JUN2015,144
17,MILK,2,WHOLE MILK,64,4.99,0.07796875,7.796875,0,0,JUN2015,146
17,SODA,2,,20,1.79,0.0895,8.95,1,0,JUN2015,172
17,SODA,2,,12,0.89,0.074166667,7.416666667,1,0,JUN2015,188
17,SODA,2,,20,1.79,0.0895,8.95,1,0,JUN2015,189
17,SODA,2,,67.6,1.99,0.02943787,2.943786982,1,0,JUN2015,190
17,ENERGY,2,,8.4,2.39,0.28452381,28.45238095,1,0,JUN2015,193
17,ENERGY,2,,6,2.5,0.416666667,41.66666667,1,0,JUN2015,195
17,TEA,2,,6,3.99,0.665,66.5,1,0,JUN2015,196
17,TEA-DIET,2,,6,1.79,0.298333333,29.83333333,0,0,JUN2015,206
17,TEA,2,,6,1.79,0.298333333,29.83333333,1,0,JUN2015,207
17,SODA,2,,20,1.79,0.0895,8.95,1,0,JUN2015,214
17,SODA,2,,67.6,1.99,0.02943787,2.943786982,1,0,JUN2015,215
17,SODA,2,,20,0.99,0.0495,4.95,1,0,JUN2015,219
17,JUICE DRINK,2,,67.6,0.99,0.01464497,1.464497041,1,0,JUN2015,18
17,JUICE,2,,59,3.49,0.059152542,5.915254237,0,0,JUN2015,231
17,JUICE,2,COCONUT WATER,16.9,2.99,0.176923077,17.69230769,0,0,JUN2015,232
13,SODA,1,,72,2.71,0.037638889,3.763888889,1,1,JUN2015,10
13,SODA,1,,12,0.5,0.041666667,4.166666667,1,0,JUN2015,58
13,SODA,1,,20,1.49,0.0745,7.45,1,0,JUN2015,59
13,MILK,1,,64,1.89,0.02953125,2.953125,0,1,JUN2015,72
13,SODA-DIET,1,,72,2.71,0.037638889,3.763888889,0,1,JUN2015,87
13,SODA-DIET,1,,72,2.71,0.037638889,3.763888889,0,1,JUN2015,92
13,SODA-DIET,1,,20,1.49,0.0745,7.45,0,0,JUN2015,105
13,SODA-DIET,1,,12,0.5,0.041666667,4.166666667,0,0,JUN2015,111
13,ENERGY-DIET,1,,6,1.65,0.275,27.5,0,0,JUN2015,114
13,SODA,1,,72,2.71,0.037638889,3.763888889,1,1,JUN2015,120
13,SODA,1,,12,0.5,0.041666667,4.166666667,1,0,JUN2015,126
13,SODA,1,,72,2.71,0.037638889,3.763888889,1,1,JUN2015,164
13,SODA,1,,12,0.5,0.041666667,4.166666667,1,0,JUN2015,171
13,SODA,1,,72,2.71,0.037638889,3.763888889,1,1,JUN2015,182
13,SODA,1,,12,0.5,0.041666667,4.166666667,1,0,JUN2015,188
13,SODA,1,,20,1.29,0.0645,6.45,1,0,JUN2015,189
13,ENERGY,1,,6,1.65,0.275,27.5,1,0,JUN2015,195
13,SODA,1,,72,2.71,0.037638889,3.763888889,1,1,JUN2015,208
13,SODA,1,,12,0.5,0.041666667,4.166666667,1,0,JUN2015,213
13,SODA,1,,20,1.49,0.0745,7.45,1,0,JUN2015,214
13,SODA,1,,66,1.73,0.026212121,2.621212121,1,1,JUN2015,218
13,SODA,1,,20,0.99,0.0495,4.95,1,0,JUN2015,219
9,TEA,2,,20,1,0.05,5,1,1,JUN2015,30
9,TEA,2,,23,1.04,0.045217391,4.52173913,1,0,JUN2015,32
9,TEA,2,,23,1.04,0.045217391,4.52173913,1,0,JUN2015,33
9,MILK,2,LOW FAT MILK,128,4.49,0.035078125,3.5078125,0,0,JUN2015,40
9,MILK,2,LOW FAT MILK,64,2.99,0.04671875,4.671875,0,0,JUN2015,41
9,MILK,2,WHOLE MILK,128,4.49,0.035078125,3.5078125,0,0,JUN2015,42
9,MILK,2,WHOLE MILK,64,2.99,0.04671875,4.671875,0,0,JUN2015,43
9,JUICE DRINK,2,,6,0.5,0.083333333,8.333333333,1,0,JUN2015,47
9,SODA-DIET,2,,67.6,2.25,0.033284024,3.328402367,0,0,JUN2015,57
9,SODA,2,,12,0.75,0.0625,6.25,1,0,JUN2015,58
9,SODA,2,,20,1.69,0.0845,8.45,1,0,JUN2015,59
9,SODA,2,,67.6,2.25,0.033284024,3.328402367,1,0,JUN2015,60
9,SODA-DIET,2,,20,1.69,0.0845,8.45,0,0,JUN2015,61
9,WATER,2,,23.6,1.5,0.063559322,6.355932203,0,0,JUN2015,77
9,SODA-DIET,2,,67.6,2.25,0.033284024,3.328402367,0,0,JUN2015,97
9,SODA-DIET,2,,67.6,2.25,0.033284024,3.328402367,0,0,JUN2015,98
9,SODA-DIET,2,,67.6,2.25,0.033284024,3.328402367,0,0,JUN2015,99
9,SODA-DIET,2,,67.6,2.25,0.033284024,3.328402367,0,0,JUN2015,100
9,SODA-DIET,2,,20,1.69,0.0845,8.45,0,0,JUN2015,101
9,SODA-DIET,2,,67.6,2.25,0.033284024,3.328402367,0,0,JUN2015,102
9,SODA-DIET,2,,12,0.75,0.0625,6.25,0,0,JUN2015,104
9,SODA-DIET,2,,20,1.69,0.0845,8.45,0,0,JUN2015,105
9,SODA-DIET,2,,12,0.75,0.0625,6.25,0,0,JUN2015,106
9,ENERGY-DIET,2,,6,2.49,0.415,41.5,0,0,JUN2015,108
9,SODA-DIET,2,,12,0.75,0.0625,6.25,0,0,JUN2015,109
9,SODA-DIET,2,,20,1.69,0.0845,8.45,0,0,JUN2015,110
9,SODA-DIET,2,,12,0.75,0.0625,6.25,0,0,JUN2015,111
9,SODA-DIET,2,,20,1.69,0.0845,8.45,0,0,JUN2015,112
9,ENERGY-DIET,2,,8.4,2.49,0.296428571,29.64285714,0,0,JUN2015,113
9,ENERGY-DIET,2,,6,2.49,0.415,41.5,0,0,JUN2015,114
9,SODA-DIET,2,,12,0.75,0.0625,6.25,0,0,JUN2015,115
9,SODA,2,,67.6,2.25,0.033284024,3.328402367,1,0,JUN2015,125
9,SODA,2,,12,0.75,0.0625,6.25,1,0,JUN2015,126
9,SPORT,2,,28,2.49,0.088928571,8.892857143,1,0,JUN2015,140
9,JUICE,2,,15.2,1.99,0.130921053,13.09210526,0,0,JUN2015,160
9,ENERGY,2,,6,2.49,0.415,41.5,1,0,JUN2015,162
9,SODA,2,,33.8,2.25,0.066568047,6.656804734,1,0,JUN2015,170
9,SODA,2,,12,0.75,0.0625,6.25,1,0,JUN2015,171
9,SODA,2,,20,1.69,0.0845,8.45,1,0,JUN2015,172
9,SODA,2,,12,0.75,0.0625,6.25,1,0,JUN2015,188
9,SODA,2,,20,1.69,0.0845,8.45,1,0,JUN2015,189
9,SODA,2,,67.6,2.25,0.033284024,3.328402367,1,0,JUN2015,190
9,ENERGY,2,,8.4,2.49,0.296428571,29.64285714,1,0,JUN2015,193
9,ENERGY,2,,6,2.49,0.415,41.5,1,0,JUN2015,195
9,TEA,2,,6,3.49,0.581666667,58.16666667,1,0,JUN2015,196
9,SODA,2,,12,0.75,0.0625,6.25,1,0,JUN2015,213
9,SODA,2,,20,1.69,0.0845,8.45,1,0,JUN2015,214
9,SODA,2,,67.6,2.25,0.033284024,3.328402367,1,0,JUN2015,215
9,SODA,2,,20,1.49,0.0745,7.45,1,0,JUN2015,219
9,JUICE DRINK,2,,16,1.49,0.093125,9.3125,1,1,JUN2015,220
9,JUICE,2,COCONUT WATER,16.9,2.99,0.176923077,17.69230769,0,0,JUN2015,232
9,ENERGY,2,,16,1.49,0.093125,9.3125,1,1,JUN2015,233
5,TEA,2,,23,0.99,0.043043478,4.304347826,1,0,JUN2015,32
5,MILK,2,WHOLE MILK,128,4.49,0.035078125,3.5078125,0,0,JUN2015,42
5,MILK,2,WHOLE MILK,64,3.29,0.05140625,5.140625,0,0,JUN2015,43
5,JUICE,2,,63.9,4.89,0.076525822,7.65258216,0,0,JUN2015,44
5,SODA,2,,12,0.79,0.065833333,6.583333333,1,0,JUN2015,58
5,SODA,2,,20,1.59,0.0795,7.95,1,0,JUN2015,59
5,SODA,2,,67.6,2.29,0.03387574,3.387573964,1,0,JUN2015,60
5,SODA-DIET,2,,20,1.59,0.0795,7.95,0,0,JUN2015,61
5,SODA-DIET,2,,67.6,2.29,0.03387574,3.387573964,0,0,JUN2015,97
5,SODA-DIET,2,,67.6,2.29,0.03387574,3.387573964,0,0,JUN2015,100
5,SODA-DIET,2,,20,1.59,0.0795,7.95,0,0,JUN2015,105
5,ENERGY-DIET,2,,6,2.29,0.381666667,38.16666667,0,0,JUN2015,108
5,SODA-DIET,2,,12,0.79,0.065833333,6.583333333,0,0,JUN2015,111
5,SODA-DIET,2,,20,1.59,0.0795,7.95,0,0,JUN2015,112
5,ENERGY-DIET,2,,8.4,2.29,0.272619048,27.26190476,0,0,JUN2015,113
5,ENERGY-DIET,2,,6,2.29,0.381666667,38.16666667,0,0,JUN2015,114
5,SODA,2,,67.6,2.29,0.03387574,3.387573964,1,0,JUN2015,125
5,SODA,2,,12,0.79,0.065833333,6.583333333,1,0,JUN2015,126
5,SPORT,2,,28,1.79,0.063928571,6.392857143,1,0,JUN2015,140
5,SODA,2,,12.5,1.39,0.1112,11.12,1,0,JUN2015,153
5,ENERGY,2,,6,2.29,0.381666667,38.16666667,1,0,JUN2015,162
5,SODA,2,,20,1.39,0.0695,6.95,1,0,JUN2015,172
5,SODA,2,,12,0.79,0.065833333,6.583333333,1,0,JUN2015,188
5,SODA,2,,20,1.59,0.0795,7.95,1,0,JUN2015,189
5,SODA,2,,67.6,2.29,0.03387574,3.387573964,1,0,JUN2015,190
5,ENERGY,2,,8.4,2.29,0.272619048,27.26190476,1,0,JUN2015,193
5,ENERGY,2,,6,2.29,0.381666667,38.16666667,1,0,JUN2015,195
5,SODA,2,,12,0.79,0.065833333,6.583333333,1,0,JUN2015,213
5,SODA,2,,20,1.59,0.0795,7.95,1,0,JUN2015,214
5,SODA,2,,67.6,2.29,0.03387574,3.387573964,1,0,JUN2015,215
5,SODA,2,,20,0.99,0.0495,4.95,1,0,JUN2015,219
5,JUICE,2,,59,5.49,0.093050847,9.305084746,0,0,JUN2015,231
26,MILK,2,WHOLE MILK,128,4.49,0.035078125,3.5078125,0,0,JUN2015,42
26,MILK,2,WHOLE MILK,64,2.89,0.04515625,4.515625,0,0,JUN2015,43
26,SODA,2,,20,1.59,0.0795,7.95,1,0,JUN2015,59
26,SODA,2,,67.6,2.49,0.03683432,3.683431953,1,0,JUN2015,60
26,SODA-DIET,2,,20,1.59,0.0795,7.95,0,0,JUN2015,61
26,SODA-DIET,2,,67.6,2.49,0.03683432,3.683431953,0,0,JUN2015,97
26,SODA-DIET,2,,20,1.59,0.0795,7.95,0,0,JUN2015,101
26,SODA-DIET,2,,20,1.59,0.0795,7.95,0,0,JUN2015,105
26,ENERGY-DIET,2,,6,2.29,0.381666667,38.16666667,0,0,JUN2015,108
26,ENERGY-DIET,2,,8.4,2.29,0.272619048,27.26190476,0,0,JUN2015,113
26,SPORT,2,,28,1.99,0.071071429,7.107142857,1,0,JUN2015,140
26,MILK,2,,64,5,0.078125,7.8125,0,0,JUN2015,146
26,SODA,2,,12.5,1.29,0.1032,10.32,1,0,JUN2015,153
26,ENERGY,2,,6,2.29,0.381666667,38.16666667,1,0,JUN2015,162
26,ENERGY,2,,8.4,2.29,0.272619048,27.26190476,1,0,JUN2015,193
26,TEA,2,,6,3.59,0.598333333,59.83333333,1,0,JUN2015,196
26,SODA,2,,20,1.59,0.0795,7.95,1,0,JUN2015,214
26,JUICE,2,,59,5.99,0.101525424,10.15254237,0,0,JUN2015,231
7,SODA,2,,12,1,0.083333333,8.333333333,1,0,JUN2015,58
7,SODA,2,,12,1,0.083333333,8.333333333,1,0,JUN2015,188
18,JUICE,2,,9,1.49,0.165555556,16.55555556,0,1,JUN2015,49
18,SODA,2,,12,0.75,0.0625,6.25,1,0,JUN2015,58
18,JUICE DRINK,2,,33,1.99,0.06030303,6.03030303,1,1,JUN2015,136
18,JUICE,2,,10,1.29,0.129,12.9,0,1,JUN2015,156
18,JUICE DRINK,2,,11,1.29,0.117272727,11.72727273,1,1,JUN2015,157
18,JUICE,2,COCONUT WATER,11,1.29,0.117272727,11.72727273,0,1,JUN2015,173
18,SODA,2,,12,0.75,0.0625,6.25,1,0,JUN2015,213
3,WATER,1,,33.8,1.69,0.05,5,0,0,JUN2015,29
3,TEA,1,,23,0.99,0.043043478,4.304347826,1,0,JUN2015,32
3,TEA,1,,23,0.99,0.043043478,4.304347826,1,0,JUN2015,33
3,MILK,1,LOW FAT MILK,128,4.99,0.038984375,3.8984375,0,0,JUN2015,40
3,MILK,1,LOW FAT MILK,64,3.49,0.05453125,5.453125,0,0,JUN2015,41
3,MILK,1,WHOLE MILK,128,4.99,0.038984375,3.8984375,0,0,JUN2015,42
3,MILK,1,WHOLE MILK,64,3.49,0.05453125,5.453125,0,0,JUN2015,43
3,SODA-DIET,1,,8.5,1.79,0.210588235,21.05882353,0,1,JUN2015,242
3,SODA,1,,60,4.49,0.074833333,7.483333333,1,1,JUN2015,11
3,SODA,1,,8.5,1.88,0.221176471,22.11764706,1,1,JUN2015,12
3,SODA,1,,144,7.43,0.051597222,5.159722222,1,1,JUN2015,50
3,SODA-DIET,1,,60,4.49,0.074833333,7.483333333,0,1,JUN2015,243
3,SODA-DIET,1,,60,4.49,0.074833333,7.483333333,0,1,JUN2015,244
3,SODA-DIET,1,,8.5,1.79,0.210588235,21.05882353,0,1,JUN2015,245
3,SODA-DIET,1,,67.6,1.99,0.02943787,2.943786982,0,0,JUN2015,57
3,SODA,1,,20,2.09,0.1045,10.45,1,0,JUN2015,59
3,SODA,1,,67.6,2.67,0.039497041,3.949704142,1,0,JUN2015,60
3,SODA-DIET,1,,20,1.89,0.0945,9.45,0,0,JUN2015,61
3,WATER,1,,198,3.49,0.017626263,1.762626263,0,1,JUN2015,67
3,WATER,1,,20,1.89,0.0945,9.45,0,0,JUN2015,79
3,SODA-DIET,1,,144,5.99,0.041597222,4.159722222,0,1,JUN2015,81
3,SODA-DIET,1,,144,5.99,0.041597222,4.159722222,0,1,JUN2015,85
3,SODA-DIET,1,,144,5.99,0.041597222,4.159722222,0,1,JUN2015,90
3,SODA-DIET,1,,144,5.99,0.041597222,4.159722222,0,1,JUN2015,91
3,SODA-DIET,1,,67.6,1.99,0.02943787,2.943786982,0,0,JUN2015,97
3,SODA-DIET,1,,67.6,1.99,0.02943787,2.943786982,0,0,JUN2015,98
3,SODA-DIET,1,,67.6,1.99,0.02943787,2.943786982,0,0,JUN2015,99
3,SODA-DIET,1,,67.6,1.99,0.02943787,2.943786982,0,0,JUN2015,100
3,SODA-DIET,1,,20,1.89,0.0945,9.45,0,0,JUN2015,105
3,ENERGY-DIET,1,,6,2.29,0.381666667,38.16666667,0,0,JUN2015,108
3,SODA-DIET,1,,20,2.09,0.1045,10.45,0,0,JUN2015,110
3,SODA-DIET,1,,20,1.89,0.0945,9.45,0,0,JUN2015,112
3,ENERGY-DIET,1,,8.4,2.29,0.272619048,27.26190476,0,0,JUN2015,113
3,ENERGY-DIET,1,,6,2.29,0.381666667,38.16666667,0,0,JUN2015,114
3,SODA,1,,144,5.99,0.041597222,4.159722222,1,1,JUN2015,117
3,SODA,1,,60,4.49,0.074833333,7.483333333,1,1,JUN2015,122
3,SODA,1,,67.6,2.67,0.039497041,3.949704142,1,0,JUN2015,125
3,SODA,1,,66,1.99,0.030151515,3.015151515,1,1,JUN2015,129
3,SODA,1,,20,2.09,0.1045,10.45,1,1,JUN2015,130
3,SPORT,1,,32,2.31,0.0721875,7.21875,1,1,JUN2015,137
3,MILK,1,LOW FAT MILK,64,5.69,0.08890625,8.890625,0,0,JUN2015,144
3,MILK,1,WHOLE MILK,64,5.69,0.08890625,8.890625,0,0,JUN2015,146
3,JUICE,1,,15.2,1.99,0.130921053,13.09210526,0,0,JUN2015,160
3,ENERGY,1,,6,2.45,0.408333333,40.83333333,1,0,JUN2015,162
3,SODA,1,,144,7.43,0.051597222,5.159722222,1,1,JUN2015,163
3,SODA,1,,33.8,2.67,0.078994083,7.899408284,1,0,JUN2015,170
3,SODA,1,,20,2.09,0.1045,10.45,1,0,JUN2015,172
3,SODA,1,,144,7.43,0.051597222,5.159722222,1,1,JUN2015,181
3,SODA,1,,60,4.19,0.069833333,6.983333333,1,1,JUN2015,185
3,SODA-DIET,1,,60,4.19,0.069833333,6.983333333,0,1,JUN2015,187
3,SODA,1,,20,2.09,0.1045,10.45,1,0,JUN2015,189
3,SODA,1,,67.6,2.67,0.039497041,3.949704142,1,0,JUN2015,190
3,SPORT-DIET,1,,24,1.39,0.057916667,5.791666667,0,0,JUN2015,191
3,ENERGY,1,,8.4,2.29,0.272619048,27.26190476,1,0,JUN2015,193
3,ENERGY,1,,6,2.29,0.381666667,38.16666667,1,0,JUN2015,195
3,TEA,1,,6,3.29,0.548333333,54.83333333,1,0,JUN2015,196
3,SODA,1,,144,7.43,0.051597222,5.159722222,1,1,JUN2015,16
3,SODA,1,,60,4.49,0.074833333,7.483333333,1,1,JUN2015,211
3,SODA,1,,8.5,1.88,0.221176471,22.11764706,1,1,JUN2015,212
3,SODA,1,,20,2.09,0.1045,10.45,1,0,JUN2015,214
3,SODA,1,,67.6,2.67,0.039497041,3.949704142,1,0,JUN2015,215
3,SODA,1,,20,1.99,0.0995,9.95,1,0,JUN2015,219
3,JUICE,1,,12,1.99,0.165833333,16.58333333,0,0,JUN2015,230
3,JUICE,1,,59,4.79,0.081186441,8.118644068,0,0,JUN2015,231
3,JUICE,1,COCONUT WATER,16.9,2.99,0.176923077,17.69230769,0,0,JUN2015,232
2,SODA,2,,12,0.87,0.0725,7.25,1,0,JUN2015,58
2,SODA,2,,20,2.01,0.1005,10.05,1,0,JUN2015,59
2,SODA,2,,67.6,2.88,0.04260355,4.26035503,1,0,JUN2015,60
2,SODA-DIET,2,,20,2.01,0.1005,10.05,0,0,JUN2015,61
2,MILK,2,,64,4,0.0625,6.25,0,1,JUN2015,72
2,SODA-DIET,2,,67.6,2.88,0.04260355,4.26035503,0,0,JUN2015,97
2,SODA-DIET,2,,12,0.87,0.0725,7.25,0,0,JUN2015,104
2,SODA-DIET,2,,20,2.01,0.1005,10.05,0,0,JUN2015,105
2,ENERGY-DIET,2,,6,2.24,0.373333333,37.33333333,0,0,JUN2015,108
2,SODA-DIET,2,,12,0.87,0.0725,7.25,0,0,JUN2015,111
2,SODA-DIET,2,,20,2.01,0.1005,10.05,0,0,JUN2015,112
2,ENERGY-DIET,2,,8.4,2.24,0.266666667,26.66666667,0,0,JUN2015,113
2,ENERGY-DIET,2,,6,2.24,0.373333333,37.33333333,0,0,JUN2015,114
2,SODA,2,,12,0.87,0.0725,7.25,1,0,JUN2015,126
2,SODA,2,,20,2.25,0.1125,11.25,1,1,JUN2015,130
2,SPORT,2,,28,2.42,0.086428571,8.642857143,1,0,JUN2015,140
2,ENERGY,2,,6,2.24,0.373333333,37.33333333,1,0,JUN2015,162
2,SODA,2,,12,0.87,0.0725,7.25,1,0,JUN2015,171
2,SODA,2,,20,2.01,0.1005,10.05,1,0,JUN2015,172
2,SODA,2,,12,0.87,0.0725,7.25,1,0,JUN2015,188
2,SODA,2,,20,2.01,0.1005,10.05,1,0,JUN2015,189
2,ENERGY,2,,8.4,2.24,0.266666667,26.66666667,1,0,JUN2015,193
2,ENERGY,2,,6,2.24,0.373333333,37.33333333,1,0,JUN2015,195
2,SODA,2,,12,0.87,0.0725,7.25,1,0,JUN2015,213
2,SODA,2,,20,2.01,0.1005,10.05,1,0,JUN2015,214
2,SODA,2,,67.6,2.88,0.04260355,4.26035503,1,0,JUN2015,215
8,SODA,2,,12,0.75,0.0625,6.25,1,0,JUN2015,58
8,SODA,2,,20,1.89,0.0945,9.45,1,0,JUN2015,59
8,SODA,2,,67.6,2.28,0.033727811,3.372781065,1,0,JUN2015,60
8,SODA-DIET,2,,20,1.89,0.0945,9.45,0,0,JUN2015,61
8,SODA-DIET,2,,67.6,2.28,0.033727811,3.372781065,0,0,JUN2015,97
8,SODA-DIET,2,,67.6,2.28,0.033727811,3.372781065,0,0,JUN2015,100
8,SODA-DIET,2,,12,0.75,0.0625,6.25,0,0,JUN2015,104
8,SODA-DIET,2,,20,1.89,0.0945,9.45,0,0,JUN2015,105
8,ENERGY-DIET,2,,6,2.28,0.38,38,0,0,JUN2015,108
8,SODA-DIET,2,,12,0.75,0.0625,6.25,0,0,JUN2015,111
8,SODA-DIET,2,,20,1.89,0.0945,9.45,0,0,JUN2015,112
8,ENERGY-DIET,2,,8.4,2.28,0.271428571,27.14285714,0,0,JUN2015,113
8,ENERGY-DIET,2,,6,2.28,0.38,38,0,0,JUN2015,114
8,SODA,2,,20,1.89,0.0945,9.45,1,1,JUN2015,119
8,SODA,2,,67.6,2.28,0.033727811,3.372781065,1,0,JUN2015,125
8,SPORT,2,,28,2.28,0.081428571,8.142857143,1,0,JUN2015,140
8,ENERGY,2,,6,2.28,0.38,38,1,0,JUN2015,162
8,SODA,2,,12,0.75,0.0625,6.25,1,0,JUN2015,188
8,SODA,2,,20,1.89,0.0945,9.45,1,0,JUN2015,189
8,SODA,2,,67.6,2.28,0.033727811,3.372781065,1,0,JUN2015,190
8,JUICE,2,COCONUT WATER,16.9,2.99,0.176923077,17.69230769,0,1,JUN2015,192
8,ENERGY,2,,8.4,2.28,0.271428571,27.14285714,1,0,JUN2015,193
8,ENERGY,2,,6,2.28,0.38,38,1,0,JUN2015,195
8,SODA,2,,67.6,2.28,0.033727811,3.372781065,1,0,JUN2015,215
11,SODA-DIET,1,,12,0.55,0.045833333,4.583333333,0,1,JUN2015,88
11,SODA-DIET,1,,72,3.29,0.045694444,4.569444444,0,1,JUN2015,89
11,WATER,1,,16.5,1,0.060606061,6.060606061,0,1,JUN2015,128
11,SODA,1,,12,0.67,0.055833333,5.583333333,1,1,JUN2015,147
11,SODA,1,,72,4.02,0.055833333,5.583333333,1,1,JUN2015,148
11,WATER,1,,23.6,0.29,0.012288136,1.228813559,0,1,JUN2015,168
11,WATER,1,,50,0.49,0.0098,0.98,0,1,JUN2015,169
11,SODA,1,,40,4.39,0.10975,10.975,1,1,JUN2015,176
11,SODA,1,,33,2.88,0.087272727,8.727272727,1,1,JUN2015,177
11,JUICE,1,,64,4.49,0.07015625,7.015625,0,1,JUN2015,225
11,JUICE,1,,64,2.99,0.04671875,4.671875,0,1,JUN2015,228
11,TEA,1,,33.8,1.49,0.04408284,4.408284024,1,1,JUN2015,19
11,JUICE,1,,16,1.99,0.124375,12.4375,0,1,JUN2015,229
11,MILK,1,WHOLE MILK,64,1.99,0.03109375,3.109375,0,1,JUN2015,21
11,MILK,1,WHOLE MILK,128,3.79,0.029609375,2.9609375,0,1,JUN2015,20
11,JUICE,1,COCONUT WATER,14,1.99,0.142142857,14.21428571,0,1,JUN2015,238
11,JUICE,1,COCONUT WATER,33,3.69,0.111818182,11.18181818,0,1,JUN2015,239
11,JUICE,1,COCONUT WATER,11,1.49,0.135454545,13.54545455,0,1,JUN2015,240
11,JUICE,1,COCONUT WATER,14,1.99,0.142142857,14.21428571,0,1,JUN2015,241
20,TEA,3,,23,0.99,0.043043478,4.304347826,1,0,JUN2015,32
20,TEA,3,,23,0.99,0.043043478,4.304347826,1,0,JUN2015,33
20,WATER,3,,23.7,1.59,0.067088608,6.708860759,0,1,JUN2015,37
20,MILK,3,LOW FAT MILK,128,3.19,0.024921875,2.4921875,0,0,JUN2015,40
20,MILK,3,LOW FAT MILK,64,2.59,0.04046875,4.046875,0,0,JUN2015,41
20,MILK,3,WHOLE MILK,128,3.19,0.024921875,2.4921875,0,0,JUN2015,42
20,MILK,3,WHOLE MILK,64,2.59,0.04046875,4.046875,0,0,JUN2015,43
20,JUICE DRINK,3,,60,3.79,0.063166667,6.316666667,1,1,JUN2015,5
20,SODA,3,,144,4.99,0.034652778,3.465277778,1,1,JUN2015,50
20,SODA-DIET,3,,60,3.99,0.0665,6.65,0,1,JUN2015,243
20,SODA,3,,60,3.99,0.0665,6.65,1,1,JUN2015,11
20,SODA,3,,8.5,1.69,0.198823529,19.88235294,1,1,JUN2015,12
20,SODA-DIET,3,,60,3.99,0.0665,6.65,0,1,JUN2015,244
20,SODA-DIET,3,,67.6,2.19,0.03239645,3.23964497,0,0,JUN2015,57
20,SODA,3,,20,1.99,0.0995,9.95,1,0,JUN2015,59
20,SODA,3,,67.6,2.19,0.03239645,3.23964497,1,0,JUN2015,60
20,SODA-DIET,3,,20,1.89,0.0945,9.45,0,0,JUN2015,61
20,SODA-DIET,3,,144,4.99,0.034652778,3.465277778,0,1,JUN2015,81
20,SODA-DIET,3,,144,4.99,0.034652778,3.465277778,0,1,JUN2015,85
20,SODA-DIET,3,,144,4.99,0.034652778,3.465277778,0,1,JUN2015,91
20,SODA-DIET,3,,67.6,2.19,0.03239645,3.23964497,0,0,JUN2015,97
20,SODA-DIET,3,,67.6,1.99,0.02943787,2.943786982,0,0,JUN2015,98
20,SODA-DIET,3,,67.6,1.99,0.02943787,2.943786982,0,0,JUN2015,100
20,SODA-DIET,3,,20,1.89,0.0945,9.45,0,0,JUN2015,101
20,SODA-DIET,3,,20,1.89,0.0945,9.45,0,0,JUN2015,105
20,ENERGY-DIET,3,,6,2.99,0.498333333,49.83333333,0,0,JUN2015,108
20,SODA-DIET,3,,20,1.99,0.0995,9.95,0,0,JUN2015,110
20,SODA-DIET,3,,20,1.99,0.0995,9.95,0,0,JUN2015,112
20,ENERGY-DIET,3,,8.4,1.99,0.236904762,23.69047619,0,0,JUN2015,113
20,ENERGY-DIET,3,,6,2.49,0.415,41.5,0,0,JUN2015,114
20,SODA,3,,144,4.99,0.034652778,3.465277778,1,1,JUN2015,117
20,SODA,3,,67.6,1.99,0.02943787,2.943786982,1,0,JUN2015,125
20,SPORT,3,,28,2.79,0.099642857,9.964285714,1,0,JUN2015,140
20,MILK,3,WHOLE MILK,64,4.49,0.07015625,7.015625,0,0,JUN2015,146
20,ENERGY,3,,6,2.99,0.498333333,49.83333333,1,0,JUN2015,162
20,SODA,3,,144,4.99,0.034652778,3.465277778,1,1,JUN2015,163
20,SODA,3,,20,1.99,0.0995,9.95,1,0,JUN2015,172
20,SODA,3,,144,4.99,0.034652778,3.465277778,1,1,JUN2015,181
20,SODA,3,,60,3.99,0.0665,6.65,1,1,JUN2015,185
20,SODA-DIET,3,,60,3.99,0.0665,6.65,0,1,JUN2015,187
20,SODA,3,,20,1.99,0.0995,9.95,1,0,JUN2015,189
20,SODA,3,,67.6,1.99,0.02943787,2.943786982,1,0,JUN2015,190
20,ENERGY,3,,8.4,1.99,0.236904762,23.69047619,1,0,JUN2015,193
20,ENERGY,3,,6,2.49,0.415,41.5,1,0,JUN2015,195
20,TEA,3,,6,3.99,0.665,66.5,1,0,JUN2015,196
20,SODA,3,,144,4.99,0.034652778,3.465277778,1,1,JUN2015,16
20,SODA,3,,60,3.99,0.0665,6.65,1,1,JUN2015,211
20,SODA,3,,20,1.89,0.0945,9.45,1,0,JUN2015,214
20,SODA,3,,20,1.99,0.0995,9.95,1,0,JUN2015,219
20,JUICE,3,,12,1.79,0.149166667,14.91666667,0,0,JUN2015,230
20,JUICE,3,,59,4.99,0.084576271,8.457627119,0,0,JUN2015,231
20,JUICE,3,COCONUT WATER,16.9,3.29,0.194674556,19.46745562,0,0,JUN2015,232
20,JUICE,3,,62.37,4.99,0.080006413,8.000641334,0,1,JUN2015,236
21,JUICE,1,COCONUT WATER,17.6,1.99,0.113068182,11.30681818,0,1,JUN2015,22
21,SODA,1,,66,1.99,0.030151515,3.015151515,1,1,JUN2015,23
21,SODA,1,,12,0.59,0.049166667,4.916666667,1,1,JUN2015,24
21,MILK,1,,128,6.49,0.050703125,5.0703125,0,1,JUN2015,1
21,MILK,1,,64,3.99,0.06234375,6.234375,0,1,JUN2015,2
21,JUICE,1,,62.37,2.99,0.047939715,4.793971461,0,1,JUN2015,25
21,JUICE,1,,27,2.99,0.110740741,11.07407407,0,1,JUN2015,26
21,WATER,1,,23.6,0.69,0.029237288,2.923728814,0,0,JUN2015,77
21,SODA-DIET,1,,12,1.19,0.099166667,9.916666667,0,1,JUN2015,84
21,SODA,1,,12,0.59,0.049166667,4.916666667,1,1,JUN2015,123
21,SODA-DIET,1,,12,1.19,0.099166667,9.916666667,0,1,JUN2015,124
21,ENERGY,1,,12,2.79,0.2325,23.25,1,1,JUN2015,142
21,TEA,1,,16,1.69,0.105625,10.5625,1,1,JUN2015,151
21,TEA,1,,6,2.99,0.498333333,49.83333333,1,0,JUN2015,196
21,JUICE,1,,16,3.99,0.249375,24.9375,0,1,JUN2015,237
16,WATER,2,,33.8,1.69,0.05,5,0,0,MAR2015,29
16,WATER,2,,33.8,1.79,0.05295858,5.295857988,0,0,MAR2015,38
16,MILK,2,LOW FAT MILK,64,2.79,0.04359375,4.359375,0,0,MAR2015,41
16,MILK,2,WHOLE MILK,64,2.79,0.04359375,4.359375,0,0,MAR2015,43
16,SODA,2,,144,6.79,0.047152778,4.715277778,1,1,MAR2015,50
16,SODA,2,,20,1.99,0.0995,9.95,1,0,MAR2015,59
16,SODA,2,,67.6,3.19,0.047189349,4.718934911,1,0,MAR2015,60
16,SODA-DIET,2,,20,1.99,0.0995,9.95,0,0,MAR2015,61
16,SODA-DIET,2,,144,6.79,0.047152778,4.715277778,0,1,MAR2015,81
16,SODA-DIET,2,,144,6.79,0.047152778,4.715277778,0,1,MAR2015,91
16,SODA-DIET,2,,67.6,3.19,0.047189349,4.718934911,0,0,MAR2015,97
16,SODA-DIET,2,,67.6,3.19,0.047189349,4.718934911,0,0,MAR2015,98
16,SODA-DIET,2,,67.6,3.19,0.047189349,4.718934911,0,0,MAR2015,99
16,SODA-DIET,2,,67.6,3.19,0.047189349,4.718934911,0,0,MAR2015,100
16,SODA-DIET,2,,20,1.99,0.0995,9.95,0,0,MAR2015,105
16,ENERGY-DIET,2,,6,2.79,0.465,46.5,0,0,MAR2015,108
16,SODA-DIET,2,,20,1.99,0.0995,9.95,0,0,MAR2015,110
16,SODA-DIET,2,,20,1.99,0.0995,9.95,0,0,MAR2015,112
16,ENERGY-DIET,2,,8.4,2.69,0.320238095,32.02380952,0,0,MAR2015,113
16,ENERGY-DIET,2,,6,2.39,0.398333333,39.83333333,0,0,MAR2015,114
16,SODA,2,,67.6,3.19,0.047189349,4.718934911,1,0,MAR2015,125
16,SODA,2,,20,1.89,0.0945,9.45,1,1,MAR2015,130
16,SPORT,2,,28,2.59,0.0925,9.25,1,0,MAR2015,140
16,MILK,2,WHOLE MILK,64,3.79,0.05921875,5.921875,0,0,MAR2015,146
16,MILK,2,,64,5.79,0.09046875,9.046875,0,1,MAR2015,152
16,JUICE,2,,15.2,2.39,0.157236842,15.72368421,0,0,MAR2015,160
16,ENERGY,2,,6,2.79,0.465,46.5,1,0,MAR2015,162
16,SODA,2,,33.8,3.19,0.094378698,9.437869822,1,0,MAR2015,170
16,SODA,2,,20,1.99,0.0995,9.95,1,0,MAR2015,172
16,SODA,2,,144,6.79,0.047152778,4.715277778,1,1,MAR2015,181
16,SODA,2,,12,3.19,0.265833333,26.58333333,1,0,MAR2015,188
16,SODA,2,,20,1.99,0.0995,9.95,1,0,MAR2015,189
16,ENERGY,2,,8.4,2.69,0.320238095,32.02380952,1,0,MAR2015,193
16,ENERGY,2,,6,2.39,0.398333333,39.83333333,1,0,MAR2015,195
16,TEA,2,,6,3.69,0.615,61.5,1,0,MAR2015,196
16,SODA,2,,144,6.79,0.047152778,4.715277778,1,1,MAR2015,16
16,SODA,2,,20,1.99,0.0995,9.95,1,0,MAR2015,214
16,SODA,2,,67.6,3.19,0.047189349,4.718934911,1,0,MAR2015,215
16,SODA,2,,20,1.99,0.0995,9.95,1,0,MAR2015,219
16,JUICE,2,,12,1.99,0.165833333,16.58333333,0,0,MAR2015,230
16,JUICE,2,COCONUT WATER,16.9,2.99,0.176923077,17.69230769,0,0,MAR2015,232
6,TEA,4,,23,0.99,0.043043478,4.304347826,1,0,MAR2015,32
6,TEA,4,,23,0.99,0.043043478,4.304347826,1,0,MAR2015,33
6,SODA,4,,20,1.69,0.0845,8.45,1,0,MAR2015,59
6,SODA-DIET,4,,20,0.99,0.0495,4.95,0,1,MAR2015,96
6,TEA-DIET,4,,23,0.99,0.043043478,4.304347826,0,0,MAR2015,103
6,SODA-DIET,4,,20,1.69,0.0845,8.45,0,0,MAR2015,105
6,SODA-DIET,4,,20,1.69,0.0845,8.45,0,0,MAR2015,112
6,ENERGY-DIET,4,,8.4,2.49,0.296428571,29.64285714,0,0,MAR2015,113
6,SODA,4,,20,1.69,0.0845,8.45,1,1,MAR2015,119
6,SODA,4,,20,0.99,0.0495,4.95,1,1,MAR2015,130
6,SODA,4,,6,0.99,0.165,16.5,1,0,MAR2015,133
6,SPORT,4,,28,1.79,0.063928571,6.392857143,1,0,MAR2015,140
6,JUICE,4,,15.2,1.99,0.130921053,13.09210526,0,0,MAR2015,160
6,ENERGY,4,,6,2.49,0.415,41.5,1,0,MAR2015,162
6,SODA,4,,20,1.69,0.0845,8.45,1,0,MAR2015,172
6,SODA,4,,20,1.69,0.0845,8.45,1,0,MAR2015,189
6,ENERGY,4,,8.4,2.49,0.296428571,29.64285714,1,0,MAR2015,193
6,ENERGY,4,,6,2.49,0.415,41.5,1,0,MAR2015,195
6,SODA,4,,20,1.69,0.0845,8.45,1,0,MAR2015,214
6,JUICE,4,COCONUT WATER,16.9,2.89,0.171005917,17.10059172,0,0,MAR2015,232
10,TEA,2,,23,0.83,0.036086957,3.608695652,1,0,MAR2015,32
10,TEA,2,,23,0.83,0.036086957,3.608695652,1,0,MAR2015,33
10,MILK,2,LOW FAT MILK,128,4.44,0.0346875,3.46875,0,0,MAR2015,40
10,MILK,2,LOW FAT MILK,64,3.1,0.0484375,4.84375,0,0,MAR2015,41
10,MILK,2,WHOLE MILK,128,4.44,0.0346875,3.46875,0,0,MAR2015,42
10,MILK,2,WHOLE MILK,64,3.1,0.0484375,4.84375,0,0,MAR2015,43
10,JUICE,2,COCONUT WATER,17,2.22,0.130588235,13.05882353,0,1,MAR2015,4
10,JUICE DRINK,2,,6,0.5,0.083333333,8.333333333,1,0,MAR2015,47
10,SODA-DIET,2,,16,1.56,0.0975,9.75,0,1,MAR2015,51
10,SODA,2,,12,0.62,0.051666667,5.166666667,1,0,MAR2015,58
10,SODA,2,,20,1.51,0.0755,7.55,1,0,MAR2015,59
10,SODA,2,,67.6,2.12,0.031360947,3.136094675,1,0,MAR2015,60
10,SODA-DIET,2,,20,1.51,0.0755,7.55,0,0,MAR2015,61
10,WATER,2,,20,1.72,0.086,8.6,0,0,MAR2015,79
10,SODA-DIET,2,,67.6,2.12,0.031360947,3.136094675,0,0,MAR2015,97
10,SODA-DIET,2,,67.6,2.12,0.031360947,3.136094675,0,0,MAR2015,100
10,SODA-DIET,2,,12,0.62,0.051666667,5.166666667,0,0,MAR2015,104
10,ENERGY-DIET,2,,6,2.17,0.361666667,36.16666667,0,0,MAR2015,108
10,SODA-DIET,2,,20,1.68,0.084,8.4,0,0,MAR2015,112
10,ENERGY-DIET,2,,6,2.17,0.361666667,36.16666667,0,0,MAR2015,114
10,SODA,2,,66,2.22,0.033636364,3.363636364,1,1,MAR2015,118
10,SODA,2,,67.6,2.12,0.031360947,3.136094675,1,0,MAR2015,125
10,SODA,2,,66,2.22,0.033636364,3.363636364,1,1,MAR2015,129
10,SODA,2,,20,1.56,0.078,7.8,1,1,MAR2015,130
10,SODA,2,,6,1.51,0.251666667,25.16666667,1,0,MAR2015,133
10,SPORT,2,,28,2.12,0.075714286,7.571428571,1,0,MAR2015,140
10,JUICE,2,,15.2,1.72,0.113157895,11.31578947,0,0,MAR2015,160
10,ENERGY,2,,6,2.17,0.361666667,36.16666667,1,0,MAR2015,162
10,SODA,2,,33.8,2.12,0.062721893,6.272189349,1,0,MAR2015,170
10,SODA,2,,20,1.68,0.084,8.4,1,0,MAR2015,172
10,SODA,2,,20,1.68,0.084,8.4,1,0,MAR2015,189
10,SODA,2,,67.6,2.12,0.031360947,3.136094675,1,0,MAR2015,190
10,ENERGY,2,,6,2.17,0.361666667,36.16666667,1,0,MAR2015,195
10,TEA,2,,6,2.61,0.435,43.5,1,0,MAR2015,196
10,TEA,2,,6,1.28,0.213333333,21.33333333,1,0,MAR2015,207
10,SODA,2,,12,0.62,0.051666667,5.166666667,1,0,MAR2015,213
10,SODA,2,,20,1.51,0.0755,7.55,1,0,MAR2015,214
10,SODA,2,,20,0.83,0.0415,4.15,1,0,MAR2015,219
10,JUICE,2,,59,4.34,0.073559322,7.355932203,0,0,MAR2015,231
25,WATER,1,,33.8,1.99,0.05887574,5.887573964,0,0,MAR2015,29
25,MILK,1,LOW FAT MILK,128,5.49,0.042890625,4.2890625,0,1,MAR2015,6
25,MILK,1,LOW FAT MILK,64,2.99,0.04671875,4.671875,0,1,MAR2015,7
25,MILK,1,WHOLE MILK,128,5.49,0.042890625,4.2890625,0,1,MAR2015,8
25,MILK,1,WHOLE MILK,64,2.99,0.04671875,4.671875,0,1,MAR2015,9
25,SODA,1,,144,8.43,0.058541667,5.854166667,1,1,MAR2015,50
25,SODA-DIET,1,,67.6,2.19,0.03239645,3.23964497,0,0,MAR2015,57
25,SODA,1,,20,2.19,0.1095,10.95,1,0,MAR2015,59
25,SODA,1,,67.6,2.87,0.042455621,4.24556213,1,0,MAR2015,60
25,SODA-DIET,1,,20,1.99,0.0995,9.95,0,0,MAR2015,61
25,WATER,1,,33.8,1.29,0.03816568,3.816568047,0,0,MAR2015,76
25,SODA-DIET,1,,144,6.99,0.048541667,4.854166667,0,1,MAR2015,81
25,SODA-DIET,1,,144,6.99,0.048541667,4.854166667,0,1,MAR2015,91
25,SODA-DIET,1,,67.6,2.19,0.03239645,3.23964497,0,0,MAR2015,97
25,SODA-DIET,1,,67.6,1.99,0.02943787,2.943786982,0,0,MAR2015,98
25,SODA-DIET,1,,67.6,1.99,0.02943787,2.943786982,0,0,MAR2015,100
25,SODA-DIET,1,,67.6,2.19,0.03239645,3.23964497,0,0,MAR2015,102
25,SODA-DIET,1,,20,1.99,0.0995,9.95,0,0,MAR2015,105
25,SODA-DIET,1,,20,1.99,0.0995,9.95,0,0,MAR2015,110
25,SODA-DIET,1,,20,1.99,0.0995,9.95,0,0,MAR2015,112
25,ENERGY-DIET,1,,8.4,2.49,0.296428571,29.64285714,0,0,MAR2015,113
25,ENERGY-DIET,1,,6,2.39,0.398333333,39.83333333,0,0,MAR2015,114
25,SODA,1,,67.6,2.67,0.039497041,3.949704142,1,0,MAR2015,125
25,MILK,1,WHOLE MILK,64,5.99,0.09359375,9.359375,0,0,MAR2015,146
25,JUICE,1,,48,4.99,0.103958333,10.39583333,0,1,MAR2015,149
25,SODA,1,,12.5,1.81,0.1448,14.48,1,0,MAR2015,153
25,SODA,1,,144,8.43,0.058541667,5.854166667,1,1,MAR2015,163
25,SODA,1,,20,2.19,0.1095,10.95,1,0,MAR2015,172
25,SODA,1,,144,8.43,0.058541667,5.854166667,1,1,MAR2015,181
25,SODA,1,,20,2.19,0.1095,10.95,1,0,MAR2015,189
25,SODA,1,,67.6,2.67,0.039497041,3.949704142,1,0,MAR2015,190
25,ENERGY,1,,8.4,2.57,0.305952381,30.5952381,1,0,MAR2015,193
25,ENERGY,1,,6,2.55,0.425,42.5,1,0,MAR2015,195
25,TEA,1,,6,3.49,0.581666667,58.16666667,1,0,MAR2015,196
25,TEA-DIET,1,,6,1.69,0.281666667,28.16666667,0,0,MAR2015,206
25,TEA,1,,6,1.69,0.281666667,28.16666667,1,0,MAR2015,207
25,SODA,1,,20,2.19,0.1095,10.95,1,0,MAR2015,214
25,SODA,1,,67.6,2.87,0.042455621,4.24556213,1,0,MAR2015,215
25,SODA,1,,20,2.19,0.1095,10.95,1,0,MAR2015,219
25,JUICE,1,,59,5.99,0.101525424,10.15254237,0,0,MAR2015,231
25,JUICE,1,COCONUT WATER,16.9,2.99,0.176923077,17.69230769,0,0,MAR2015,232
1,MILK,2,WHOLE MILK,64,3.99,0.06234375,6.234375,0,0,MAR2015,43
1,SODA,2,,12,1,0.083333333,8.333333333,1,0,MAR2015,58
1,SODA,2,,20,2,0.1,10,1,0,MAR2015,59
1,SODA-DIET,2,,20,2,0.1,10,0,0,MAR2015,61
1,WATER,2,,33.8,2.45,0.072485207,7.24852071,0,0,MAR2015,76
1,WATER,2,,23.6,1.35,0.05720339,5.720338983,0,0,MAR2015,77
1,WATER,2,,20,1,0.05,5,0,0,MAR2015,79
1,SODA-DIET,2,,12,1,0.083333333,8.333333333,0,0,MAR2015,104
1,SODA-DIET,2,,20,2,0.1,10,0,0,MAR2015,105
1,SODA-DIET,2,,12,1,0.083333333,8.333333333,0,0,MAR2015,106
1,SODA-DIET,2,,12,1,0.083333333,8.333333333,0,0,MAR2015,111
1,SODA-DIET,2,,20,2,0.1,10,0,0,MAR2015,112
1,SODA,2,,12,1,0.083333333,8.333333333,1,0,MAR2015,126
1,SODA,2,,12,1,0.083333333,8.333333333,1,0,MAR2015,188
1,SODA,2,,20,2,0.1,10,1,0,MAR2015,189
1,JUICE,2,COCONUT WATER,16.9,1.99,0.117751479,11.77514793,0,0,MAR2015,232
24,WATER,1,,33.8,0.89,0.026331361,2.633136095,0,0,MAR2015,38
24,MILK,1,LOW FAT MILK,128,4.79,0.037421875,3.7421875,0,0,MAR2015,40
24,MILK,1,LOW FAT MILK,64,2.99,0.04671875,4.671875,0,0,MAR2015,41
24,MILK,1,WHOLE MILK,128,4.79,0.037421875,3.7421875,0,0,MAR2015,42
24,MILK,1,WHOLE MILK,64,2.99,0.04671875,4.671875,0,0,MAR2015,43
24,JUICE DRINK,1,,60,3.99,0.0665,6.65,1,1,MAR2015,5
24,SODA,1,,144,6.99,0.048541667,4.854166667,1,1,MAR2015,50
24,SODA-DIET,1,,67.6,1.99,0.02943787,2.943786982,0,0,MAR2015,57
24,SODA,1,,20,1.99,0.0995,9.95,1,0,MAR2015,59
24,SODA,1,,67.6,1.99,0.02943787,2.943786982,1,0,MAR2015,60
24,SODA-DIET,1,,20,1.99,0.0995,9.95,0,0,MAR2015,61
24,SODA-DIET,1,,144,6.99,0.048541667,4.854166667,0,1,MAR2015,81
24,SODA-DIET,1,,67.6,1.99,0.02943787,2.943786982,0,0,MAR2015,97
24,SODA-DIET,1,,20,1.99,0.0995,9.95,0,0,MAR2015,105
24,ENERGY-DIET,1,,8.4,2.29,0.272619048,27.26190476,0,0,MAR2015,113
24,MILK,1,LOW FAT MILK,64,5.39,0.08421875,8.421875,0,0,MAR2015,144
24,MILK,1,WHOLE MILK,64,5.39,0.08421875,8.421875,0,0,MAR2015,146
24,ENERGY,1,,6,1.99,0.331666667,33.16666667,1,0,MAR2015,162
24,ENERGY,1,,8.4,2.29,0.272619048,27.26190476,1,0,MAR2015,193
24,TEA,1,,6,2.99,0.498333333,49.83333333,1,0,MAR2015,196
24,TEA-DIET,1,,6,1.49,0.248333333,24.83333333,0,0,MAR2015,206
24,TEA,1,,6,1.49,0.248333333,24.83333333,1,0,MAR2015,207
24,SODA,1,,144,6.99,0.048541667,4.854166667,1,1,MAR2015,16
24,SODA,1,,20,1.99,0.0995,9.95,1,0,MAR2015,214
24,SODA,1,,67.6,1.99,0.02943787,2.943786982,1,0,MAR2015,215
24,SODA,1,,20,0.99,0.0495,4.95,1,0,MAR2015,219
24,JUICE,1,,59,5.79,0.098135593,9.813559322,0,0,MAR2015,231
24,JUICE,1,COCONUT WATER,16.9,2.69,0.159171598,15.91715976,0,0,MAR2015,232
12,JUICE,2,,20.25,2.49,0.122962963,12.2962963,0,1,MAR2015,3
12,WATER,2,,128,2.19,0.017109375,1.7109375,0,1,MAR2015,34
12,MILK,2,LOW FAT MILK,128,7.99,0.062421875,6.2421875,0,1,MAR2015,6
12,MILK,2,WHOLE MILK,128,7.99,0.062421875,6.2421875,0,1,MAR2015,8
12,JUICE,2,,62.37,3.99,0.063973064,6.397306397,0,1,MAR2015,62
12,WATER,2,,33.8,0.99,0.029289941,2.928994083,0,0,MAR2015,76
12,JUICE,2,,12.5,5.19,0.4152,41.52,0,1,MAR2015,155
12,JUICE,2,,15.2,3.29,0.216447368,21.64473684,0,1,MAR2015,175
12,TEA,2,,6,2.99,0.498333333,49.83333333,1,0,MAR2015,196
12,JUICE,2,COCONUT WATER,11.1,2.29,0.206306306,20.63063063,0,1,MAR2015,234
15,WATER,3,,33.8,2.09,0.06183432,6.183431953,0,0,MAR2015,29
15,WATER,3,,33.8,1.89,0.05591716,5.591715976,0,0,MAR2015,38
15,SODA,3,,144,6.49,0.045069444,4.506944444,1,1,MAR2015,50
15,SODA-DIET,3,,67.6,2.27,0.033579882,3.357988166,0,0,MAR2015,57
15,SODA,3,,20,1.94,0.097,9.7,1,0,MAR2015,59
15,SODA,3,,67.6,2.27,0.033579882,3.357988166,1,0,MAR2015,60
15,SODA-DIET,3,,20,1.94,0.097,9.7,0,0,MAR2015,61
15,WATER,3,,20,1.77,0.0885,8.85,0,0,MAR2015,79
15,SODA-DIET,3,,144,6.49,0.045069444,4.506944444,0,1,MAR2015,81
15,SODA-DIET,3,,144,6.49,0.045069444,4.506944444,0,1,MAR2015,91
15,SODA-DIET,3,,67.6,2.27,0.033579882,3.357988166,0,0,MAR2015,97
15,SODA-DIET,3,,67.6,2.27,0.033579882,3.357988166,0,0,MAR2015,98
15,SODA-DIET,3,,67.6,2.27,0.033579882,3.357988166,0,0,MAR2015,100
15,SODA-DIET,3,,67.6,2.27,0.033579882,3.357988166,0,0,MAR2015,102
15,ENERGY-DIET,3,,6,2.77,0.461666667,46.16666667,0,0,MAR2015,108
15,SODA-DIET,3,,20,1.94,0.097,9.7,0,0,MAR2015,110
15,SODA-DIET,3,,20,1.94,0.097,9.7,0,0,MAR2015,112
15,ENERGY-DIET,3,,8.4,2.57,0.305952381,30.5952381,0,0,MAR2015,113
15,ENERGY-DIET,3,,6,1.99,0.331666667,33.16666667,0,0,MAR2015,114
15,SODA,3,,144,6.49,0.045069444,4.506944444,1,1,MAR2015,117
15,SODA,3,,60,6.49,0.108166667,10.81666667,1,1,MAR2015,246
15,SODA,3,,67.6,2.27,0.033579882,3.357988166,1,0,MAR2015,125
15,SODA,3,,66,2.27,0.034393939,3.439393939,1,1,MAR2015,129
15,SODA,3,,20,1.94,0.097,9.7,1,1,MAR2015,130
15,JUICE,3,,15.2,2.19,0.144078947,14.40789474,0,0,MAR2015,160
15,ENERGY,3,,6,2.77,0.461666667,46.16666667,1,0,MAR2015,162
15,SODA,3,,33.8,2.27,0.067159763,6.715976331,1,0,MAR2015,170
15,SODA,3,,20,1.94,0.097,9.7,1,0,MAR2015,172
15,SODA,3,,144,6.49,0.045069444,4.506944444,1,1,MAR2015,181
15,SODA,3,,20,1.94,0.097,9.7,1,0,MAR2015,189
15,SODA,3,,67.6,2.27,0.033579882,3.357988166,1,0,MAR2015,190
15,ENERGY,3,,8.4,2.57,0.305952381,30.5952381,1,0,MAR2015,193
15,ENERGY,3,,6,1.99,0.331666667,33.16666667,1,0,MAR2015,195
15,SODA,3,,144,6.49,0.045069444,4.506944444,1,1,MAR2015,16
15,SODA,3,,20,1.94,0.097,9.7,1,0,MAR2015,214
15,SODA,3,,67.6,2.27,0.033579882,3.357988166,1,0,MAR2015,215
15,JUICE,3,,12,1.79,0.149166667,14.91666667,0,0,MAR2015,230
15,JUICE,3,,59,4.99,0.084576271,8.457627119,0,0,MAR2015,231
15,JUICE,3,COCONUT WATER,16.9,3.19,0.188757396,18.87573964,0,0,MAR2015,232
19,WATER,4,,33.8,1.69,0.05,5,0,0,MAR2015,29
19,TEA,4,,23,0.99,0.043043478,4.304347826,1,0,MAR2015,32
19,TEA,4,,23,0.99,0.043043478,4.304347826,1,0,MAR2015,33
19,WATER,4,,20,1.09,0.0545,5.45,0,1,MAR2015,35
19,WATER,4,,33.8,1.39,0.04112426,4.112426036,0,0,MAR2015,38
19,SODA,4,,12,1.39,0.115833333,11.58333333,1,0,MAR2015,58
19,SODA,4,,20,1.79,0.0895,8.95,1,0,MAR2015,59
19,WATER,4,,20,1.39,0.0695,6.95,0,0,MAR2015,79
19,TEA-DIET,4,,23,0.99,0.043043478,4.304347826,0,0,MAR2015,103
19,SODA-DIET,4,,12,1.39,0.115833333,11.58333333,0,0,MAR2015,104
19,SODA-DIET,4,,20,1.79,0.0895,8.95,0,0,MAR2015,105
19,ENERGY-DIET,4,,6,2.59,0.431666667,43.16666667,0,0,MAR2015,108
19,SODA-DIET,4,,20,1.79,0.0895,8.95,0,0,MAR2015,110
19,SODA-DIET,4,,20,1.79,0.0895,8.95,0,0,MAR2015,112
19,ENERGY-DIET,4,,8.4,2.59,0.308333333,30.83333333,0,0,MAR2015,113
19,ENERGY-DIET,4,,6,2.59,0.431666667,43.16666667,0,0,MAR2015,114
19,SODA,4,,12,1.39,0.115833333,11.58333333,1,0,MAR2015,126
19,SODA,4,,20,1.79,0.0895,8.95,1,1,MAR2015,130
19,SPORT,4,,28,2.29,0.081785714,8.178571429,1,0,MAR2015,140
19,JUICE,4,,15.2,1.89,0.124342105,12.43421053,0,0,MAR2015,160
19,ENERGY,4,,6,2.59,0.431666667,43.16666667,1,0,MAR2015,162
19,SODA,4,,20,1.79,0.0895,8.95,1,0,MAR2015,172
19,SODA,4,,20,1.79,0.0895,8.95,1,0,MAR2015,189
19,ENERGY,4,,8.4,2.59,0.308333333,30.83333333,1,0,MAR2015,193
19,ENERGY,4,,6,2.59,0.431666667,43.16666667,1,0,MAR2015,195
19,TEA,4,,6,1.39,0.231666667,23.16666667,1,0,MAR2015,207
19,TEA,4,,32,1.99,0.0621875,6.21875,1,1,MAR2015,207
19,SODA,4,,20,1.79,0.0895,8.95,1,0,MAR2015,214
19,JUICE,4,,12,1.69,0.140833333,14.08333333,0,0,MAR2015,230
19,JUICE,4,COCONUT WATER,16.9,2.89,0.171005917,17.10059172,0,0,MAR2015,232
19,WATER-SWEET,4,,20,1.69,0.0845,8.45,1,1,MAR2015,235
14,TEA,2,,23,0.99,0.043043478,4.304347826,1,0,MAR2015,32
14,TEA,2,,23,0.99,0.043043478,4.304347826,1,0,MAR2015,33
14,MILK,2,LOW FAT MILK,64,3.49,0.05453125,5.453125,0,0,MAR2015,41
14,MILK,2,WHOLE MILK,64,3.49,0.05453125,5.453125,0,0,MAR2015,43
14,SODA,2,,12,0.99,0.0825,8.25,1,0,MAR2015,58
14,SODA,2,,20,1.94,0.097,9.7,1,0,MAR2015,59
14,SODA,2,,67.6,2.29,0.03387574,3.387573964,1,0,MAR2015,60
14,WATER,2,,23.6,1.39,0.058898305,5.889830508,0,0,MAR2015,77
14,SODA-DIET,2,,67.6,2.29,0.03387574,3.387573964,0,0,MAR2015,97
14,SODA-DIET,2,,67.6,2.39,0.03535503,3.535502959,0,0,MAR2015,98
14,SODA-DIET,2,,67.6,2.39,0.03535503,3.535502959,0,0,MAR2015,99
14,SODA-DIET,2,,67.6,2.39,0.03535503,3.535502959,0,0,MAR2015,100
14,TEA-DIET,2,,23,0.99,0.043043478,4.304347826,0,0,MAR2015,103
14,SODA-DIET,2,,20,1.94,0.097,9.7,0,0,MAR2015,105
14,SODA-DIET,2,,12,0.99,0.0825,8.25,0,0,MAR2015,106
14,SODA,2,,67.6,2.29,0.03387574,3.387573964,1,0,MAR2015,125
14,SODA,2,,12,0.99,0.0825,8.25,1,0,MAR2015,126
14,SODA,2,,20,0.99,0.0495,4.95,1,1,MAR2015,130
14,SODA,2,,6,0.99,0.165,16.5,1,0,MAR2015,133
14,SODA,2,,28,1.89,0.0675,6.75,1,1,MAR2015,138
14,MILK,2,LOW FAT MILK,64,5.49,0.08578125,8.578125,0,0,MAR2015,144
14,JUICE,2,,15.2,1.99,0.130921053,13.09210526,0,0,MAR2015,160
14,ENERGY,2,,6,2.29,0.381666667,38.16666667,1,0,MAR2015,162
14,JUICE,2,COCONUT WATER,16.9,1.69,0.1,10,0,1,MAR2015,179
14,SODA,2,,67.6,2.29,0.03387574,3.387573964,1,0,MAR2015,190
14,ENERGY,2,,6,2.29,0.381666667,38.16666667,1,0,MAR2015,195
14,TEA,2,,6,3.75,0.625,62.5,1,0,MAR2015,196
14,TEA,2,,6,1.44,0.24,24,1,0,MAR2015,207
14,SODA,2,,12,0.99,0.0825,8.25,1,0,MAR2015,213
14,SODA,2,,20,1.94,0.097,9.7,1,0,MAR2015,214
14,SODA,2,,67.6,2.29,0.03387574,3.387573964,1,0,MAR2015,215
14,SODA,2,,20,0.99,0.0495,4.95,1,0,MAR2015,219
14,JUICE,2,,12,2.25,0.1875,18.75,0,0,MAR2015,230
14,JUICE,2,,59,5.49,0.093050847,9.305084746,0,0,MAR2015,231
22,WATER,2,,96,1,0.010416667,1.041666667,0,1,MAR2015,68
22,SODA-DIET,2,,16.9,1,0.059171598,5.917159763,0,1,MAR2015,82
22,SODA-DIET,2,,20,1,0.05,5,0,1,MAR2015,86
22,SODA-DIET,2,,82.5,1,0.012121212,1.212121212,0,1,MAR2015,94
22,SODA-DIET,2,,20,1,0.05,5,0,0,MAR2015,112
23,WATER,2,,33.8,1.68,0.049704142,4.970414201,0,0,MAR2015,29
23,JUICE DRINK,2,,6,0.65,0.108333333,10.83333333,1,0,MAR2015,47
23,SODA,2,,12,0.84,0.07,7,1,0,MAR2015,58
23,SODA,2,,20,1.95,0.0975,9.75,1,0,MAR2015,59
23,SODA-DIET,2,,20,1.95,0.0975,9.75,0,0,MAR2015,61
23,WATER,2,,49.5,1.78,0.035959596,3.595959596,0,1,MAR2015,66
23,SODA-DIET,2,,67.6,2.34,0.034615385,3.461538462,0,0,MAR2015,100
23,SODA-DIET,2,,12,0.84,0.07,7,0,0,MAR2015,104
23,SODA-DIET,2,,20,1.95,0.0975,9.75,0,0,MAR2015,105
23,ENERGY-DIET,2,,6,2.39,0.398333333,39.83333333,0,0,MAR2015,108
23,SODA-DIET,2,,20,1.95,0.0975,9.75,0,0,MAR2015,110
23,SODA-DIET,2,,20,1.95,0.0975,9.75,0,0,MAR2015,112
23,ENERGY-DIET,2,,8.4,2.39,0.28452381,28.45238095,0,0,MAR2015,113
23,ENERGY-DIET,2,,6,2.39,0.398333333,39.83333333,0,0,MAR2015,114
23,SODA,2,,67.6,2.34,0.034615385,3.461538462,1,0,MAR2015,125
23,SODA,2,,20,2,0.1,10,1,1,MAR2015,130
23,SPORT,2,,28,1.9,0.067857143,6.785714286,1,0,MAR2015,140
23,ENERGY,2,,6,2.39,0.398333333,39.83333333,1,0,MAR2015,162
23,SODA,2,,33.8,2.34,0.069230769,6.923076923,1,0,MAR2015,170
23,SODA,2,,12,0.84,0.07,7,1,0,MAR2015,171
23,SODA,2,,20,1.95,0.0975,9.75,1,0,MAR2015,172
23,SODA,2,,12,0.84,0.07,7,1,0,MAR2015,188
23,SODA,2,,20,1.95,0.0975,9.75,1,0,MAR2015,189
23,SODA,2,,67.6,2.34,0.034615385,3.461538462,1,0,MAR2015,190
23,ENERGY,2,,8.4,2.39,0.28452381,28.45238095,1,0,MAR2015,193
23,ENERGY,2,,6,2.39,0.398333333,39.83333333,1,0,MAR2015,195
23,TEA,2,,6,3.76,0.626666667,62.66666667,1,0,MAR2015,196
23,TEA,2,,6,1.95,0.325,32.5,1,0,MAR2015,207
23,SODA,2,,12,0.84,0.07,7,1,0,MAR2015,213
23,SODA,2,,20,1.95,0.0975,9.75,1,0,MAR2015,214
23,SODA,2,,20,1.95,0.0975,9.75,1,0,MAR2015,219
23,JUICE,2,COCONUT WATER,16.9,3.06,0.181065089,18.10650888,0,0,MAR2015,232
4,TEA,4,,23,0.99,0.043043478,4.304347826,1,0,MAR2015,32
4,TEA,4,,23,0.99,0.043043478,4.304347826,1,0,MAR2015,33
4,WATER,4,,33.8,1.74,0.05147929,5.147928994,0,0,MAR2015,38
4,MILK,4,WHOLE MILK,64,3.49,0.05453125,5.453125,0,0,MAR2015,43
4,SODA,4,,12,0.89,0.074166667,7.416666667,1,0,MAR2015,58
4,SODA,4,,20,1.69,0.0845,8.45,1,0,MAR2015,59
4,SODA,4,,67.6,2.89,0.042751479,4.275147929,1,0,MAR2015,60
4,SODA-DIET,4,,20,1.69,0.0845,8.45,0,0,MAR2015,61
4,WATER,4,,23.6,1.44,0.061016949,6.101694915,0,0,MAR2015,77
4,WATER,4,,20,1.54,0.077,7.7,0,0,MAR2015,79
4,SODA-DIET,4,,67.6,2.89,0.042751479,4.275147929,0,0,MAR2015,97
4,SODA-DIET,4,,20,1.69,0.0845,8.45,0,0,MAR2015,105
4,SODA,4,,6,0.99,0.165,16.5,1,0,MAR2015,133
4,SPORT,4,,28,1.54,0.055,5.5,1,0,MAR2015,140
4,JUICE,4,,15.2,2.29,0.150657895,15.06578947,0,0,MAR2015,160
4,ENERGY,4,,6,2.49,0.415,41.5,1,0,MAR2015,162
4,SODA,4,,20,1.69,0.0845,8.45,1,0,MAR2015,172
4,SODA,4,,20,1.69,0.0845,8.45,1,0,MAR2015,189
4,SODA,4,,67.6,2.98,0.04408284,4.408284024,1,0,MAR2015,190
4,ENERGY,4,,8.4,2.29,0.272619048,27.26190476,1,0,MAR2015,193
4,ENERGY,4,,6,2.49,0.415,41.5,1,0,MAR2015,195
4,SODA,4,,20,1.69,0.0845,8.45,1,0,MAR2015,214
4,SODA,4,,67.6,2.89,0.042751479,4.275147929,1,0,MAR2015,215
4,JUICE,4,COCONUT WATER,16.9,2.49,0.147337278,14.73372781,0,0,MAR2015,232
17,MILK,2,LOW FAT MILK,128,4.88,0.038125,3.8125,0,0,MAR2015,40
17,MILK,2,LOW FAT MILK,64,3.1,0.0484375,4.84375,0,0,MAR2015,41
17,MILK,2,WHOLE MILK,128,4.88,0.038125,3.8125,0,0,MAR2015,42
17,MILK,2,WHOLE MILK,64,3.1,0.0484375,4.84375,0,0,MAR2015,43
17,SODA,2,,12,1.06,0.088333333,8.833333333,1,0,MAR2015,58
17,SODA-DIET,2,,12,1.06,0.088333333,8.833333333,0,0,MAR2015,104
17,SODA-DIET,2,,12,1.06,0.088333333,8.833333333,0,0,MAR2015,111
17,ENERGY-DIET,2,,8.4,2.17,0.258333333,25.83333333,0,0,MAR2015,113
17,SODA,2,,12,1.06,0.088333333,8.833333333,1,0,MAR2015,126
17,SODA,2,,6,1.15,0.191666667,19.16666667,1,0,MAR2015,133
17,ENERGY,2,,6,2.17,0.361666667,36.16666667,1,0,MAR2015,162
17,SODA,2,,12,1.06,0.088333333,8.833333333,1,0,MAR2015,171
17,SODA,2,,20,1.73,0.0865,8.65,1,0,MAR2015,172
17,SODA,2,,12,1.06,0.088333333,8.833333333,1,0,MAR2015,188
17,ENERGY,2,,8.4,2.17,0.258333333,25.83333333,1,0,MAR2015,193
17,ENERGY,2,,6,2.17,0.361666667,36.16666667,1,0,MAR2015,195
17,SODA,2,,20,0.83,0.0415,4.15,1,0,MAR2015,219
13,SODA,1,,20,1.49,0.0745,7.45,1,0,MAR2015,59
13,SODA-DIET,1,,20,1.49,0.0745,7.45,0,0,MAR2015,61
13,MILK,1,WHOLE MILK,64,1.89,0.02953125,2.953125,0,1,MAR2015,72
13,SODA-DIET,1,,72,2.44,0.033888889,3.388888889,0,1,MAR2015,87
13,SODA-DIET,1,,72,2.29,0.031805556,3.180555556,0,1,MAR2015,92
13,SODA-DIET,1,,20,1.49,0.0745,7.45,0,0,MAR2015,105
13,ENERGY-DIET,1,,6,1.89,0.315,31.5,0,0,MAR2015,108
13,SODA-DIET,1,,20,1.49,0.0745,7.45,0,0,MAR2015,112
13,SODA,1,,72,2.71,0.037638889,3.763888889,1,1,MAR2015,120
13,JUICE DRINK,1,,0.19,0.1,0.526315789,52.63157895,1,1,MAR2015,154
13,SODA,1,,72,2.71,0.037638889,3.763888889,1,1,MAR2015,164
13,SODA,1,,20,1.69,0.0845,8.45,1,0,MAR2015,172
13,SODA,1,,72,2.29,0.031805556,3.180555556,1,1,MAR2015,182
13,SODA,1,,20,1.49,0.0745,7.45,1,0,MAR2015,189
13,ENERGY,1,,6,1.89,0.315,31.5,1,0,MAR2015,195
13,SODA,1,,20,1.49,0.0745,7.45,1,0,MAR2015,214
13,SODA,1,,66,1.88,0.028484848,2.848484848,1,1,MAR2015,218
13,SODA,1,,20,1.49,0.0745,7.45,1,0,MAR2015,219
9,MILK,2,LOW FAT MILK,128,3.99,0.031171875,3.1171875,0,0,MAR2015,40
9,MILK,2,LOW FAT MILK,64,2.66,0.0415625,4.15625,0,0,MAR2015,41
9,MILK,2,WHOLE MILK,128,3.99,0.031171875,3.1171875,0,0,MAR2015,42
9,MILK,2,WHOLE MILK,64,2.66,0.0415625,4.15625,0,0,MAR2015,43
9,SODA,2,,12,0.83,0.069166667,6.916666667,1,0,MAR2015,58
9,SODA,2,,20,1.69,0.0845,8.45,1,0,MAR2015,59
9,SODA,2,,67.6,2.49,0.03683432,3.683431953,1,0,MAR2015,60
9,SODA-DIET,2,,67.6,2.11,0.031213018,3.121301775,0,0,MAR2015,97
9,SODA-DIET,2,,12,0.83,0.069166667,6.916666667,0,0,MAR2015,104
9,SODA-DIET,2,,20,1.69,0.0845,8.45,0,0,MAR2015,105
9,ENERGY-DIET,2,,6,2.16,0.36,36,0,0,MAR2015,108
9,SODA-DIET,2,,12,0.99,0.0825,8.25,0,0,MAR2015,111
9,ENERGY-DIET,2,,6,2.16,0.36,36,0,0,MAR2015,114
9,SPORT,2,,28,2.11,0.075357143,7.535714286,1,0,MAR2015,140
9,SODA,2,,12,1.49,0.124166667,12.41666667,1,1,MAR2015,15
9,ENERGY,2,,6,2.16,0.36,36,1,0,MAR2015,162
9,SODA,2,,20,1.69,0.0845,8.45,1,0,MAR2015,172
9,SODA,2,,12,0.99,0.0825,8.25,1,0,MAR2015,188
9,SODA,2,,20,1.69,0.0845,8.45,1,0,MAR2015,189
9,ENERGY,2,,8.4,2.16,0.257142857,25.71428571,1,0,MAR2015,193
9,ENERGY,2,,6,2.16,0.36,36,1,0,MAR2015,195
9,SODA,2,,12,0.99,0.0825,8.25,1,0,MAR2015,213
9,SODA,2,,67.6,2.11,0.031213018,3.121301775,1,0,MAR2015,215
9,SODA,2,,20,0.99,0.0495,4.95,1,0,MAR2015,219
9,JUICE DRINK,2,,16,1.49,0.093125,9.3125,1,1,MAR2015,220
9,JUICE,2,,59,3.45,0.058474576,5.847457627,0,0,MAR2015,231
9,JUICE,2,COCONUT WATER,16.9,2.61,0.15443787,15.44378698,0,0,MAR2015,232
9,ENERGY,2,,16,0.99,0.061875,6.1875,1,1,MAR2015,233
5,TEA,2,,23,0.99,0.043043478,4.304347826,1,0,MAR2015,32
5,TEA,2,,23,0.99,0.043043478,4.304347826,1,0,MAR2015,33
5,MILK,2,WHOLE MILK,128,4.29,0.033515625,3.3515625,0,0,MAR2015,42
5,MILK,2,WHOLE MILK,64,3.29,0.05140625,5.140625,0,0,MAR2015,43
5,SODA,2,,12,0.79,0.065833333,6.583333333,1,0,MAR2015,58
5,SODA,2,,20,1.79,0.0895,8.95,1,0,MAR2015,59
5,SODA-DIET,2,,67.6,2.29,0.03387574,3.387573964,0,0,MAR2015,97
5,TEA-DIET,2,,23,0.99,0.043043478,4.304347826,0,0,MAR2015,103
5,SODA-DIET,2,,20,1.79,0.0895,8.95,0,0,MAR2015,105
5,SODA-DIET,2,,20,1.59,0.0795,7.95,0,0,MAR2015,112
5,ENERGY-DIET,2,,8.4,2.29,0.272619048,27.26190476,0,0,MAR2015,113
5,SODA,2,,67.6,2.29,0.03387574,3.387573964,1,0,MAR2015,125
5,SPORT,2,,28,1.79,0.063928571,6.392857143,1,0,MAR2015,140
5,SODA,2,,12.5,1.39,0.1112,11.12,1,0,MAR2015,153
5,SODA,2,,20,1.59,0.0795,7.95,1,0,MAR2015,172
5,SODA,2,,20,1.59,0.0795,7.95,1,0,MAR2015,189
5,ENERGY,2,,8.4,2.29,0.272619048,27.26190476,1,0,MAR2015,193
5,TEA,2,,6,1.59,0.265,26.5,1,0,MAR2015,207
5,SODA,2,,20,1.79,0.0895,8.95,1,0,MAR2015,214
26,MILK,2,LOW FAT MILK,128,4.49,0.035078125,3.5078125,0,0,MAR2015,40
26,MILK,2,LOW FAT MILK,64,2.89,0.04515625,4.515625,0,0,MAR2015,41
26,MILK,2,WHOLE MILK,128,4.49,0.035078125,3.5078125,0,0,MAR2015,42
26,MILK,2,WHOLE MILK,64,2.89,0.04515625,4.515625,0,0,MAR2015,43
26,SODA,2,,240,8.99,0.037458333,3.745833333,1,1,MAR2015,13
26,SODA-DIET,2,,67.6,2.49,0.03683432,3.683431953,0,0,MAR2015,57
26,SODA,2,,67.6,2.49,0.03683432,3.683431953,1,0,MAR2015,60
26,SODA-DIET,2,,67.6,2.49,0.03683432,3.683431953,0,0,MAR2015,97
26,SODA-DIET,2,,67.6,1.79,0.02647929,2.647928994,0,0,MAR2015,100
26,ENERGY-DIET,2,,6,2.29,0.381666667,38.16666667,0,0,MAR2015,108
26,SODA-DIET,2,,20,1.59,0.0795,7.95,0,0,MAR2015,112
26,ENERGY-DIET,2,,8.4,2.29,0.272619048,27.26190476,0,0,MAR2015,113
26,JUICE,2,COCONUT WATER,50,2.19,0.0438,4.38,0,1,MAR2015,14
26,SPORT,2,,28,1.99,0.071071429,7.107142857,1,0,MAR2015,140
26,ENERGY,2,,6,2.29,0.381666667,38.16666667,1,0,MAR2015,162
26,SODA,2,,12,1.59,0.1325,13.25,1,0,MAR2015,171
26,SODA,2,,20,1.59,0.0795,7.95,1,0,MAR2015,189
26,SODA,2,,67.6,1.79,0.02647929,2.647928994,1,0,MAR2015,190
26,ENERGY,2,,8.4,2.29,0.272619048,27.26190476,1,0,MAR2015,193
26,TEA,2,,6,3.59,0.598333333,59.83333333,1,0,MAR2015,196
26,SODA,2,,240,7.99,0.033291667,3.329166667,1,1,MAR2015,17
7,SODA,2,,12,0.9,0.075,7.5,1,0,MAR2015,58
7,SODA-DIET,2,,12,0.9,0.075,7.5,0,0,MAR2015,104
7,SODA,2,,12,0.9,0.075,7.5,1,0,MAR2015,188
18,SODA,2,,12,0.75,0.0625,6.25,1,0,MAR2015,58
18,SODA-DIET,2,,12,0.75,0.0625,6.25,0,0,MAR2015,104
18,SODA,2,,12,0.75,0.0625,6.25,1,0,MAR2015,213
3,WATER,1,,33.8,1.99,0.05887574,5.887573964,0,0,MAR2015,29
3,TEA,1,,23,0.99,0.043043478,4.304347826,1,0,MAR2015,32
3,TEA,1,,23,0.99,0.043043478,4.304347826,1,0,MAR2015,33
3,SODA,1,,144,6.99,0.048541667,4.854166667,1,1,MAR2015,50
3,SODA-DIET,1,,67.6,1.99,0.02943787,2.943786982,0,0,MAR2015,57
3,SODA,1,,20,1.99,0.0995,9.95,1,0,MAR2015,59
3,SODA,1,,67.6,2.67,0.039497041,3.949704142,1,0,MAR2015,60
3,SODA-DIET,1,,20,1.99,0.0995,9.95,0,0,MAR2015,61
3,WATER,1,,20,1.89,0.0945,9.45,0,0,MAR2015,79
3,SODA-DIET,1,,144,6.99,0.048541667,4.854166667,0,1,MAR2015,81
3,SODA-DIET,1,,144,6.99,0.048541667,4.854166667,0,1,MAR2015,85
3,SODA-DIET,1,,144,6.99,0.048541667,4.854166667,0,1,MAR2015,90
3,SODA-DIET,1,,144,6.99,0.048541667,4.854166667,0,1,MAR2015,91
3,SODA-DIET,1,,67.6,1.99,0.02943787,2.943786982,0,0,MAR2015,97
3,SODA-DIET,1,,67.6,1.99,0.02943787,2.943786982,0,0,MAR2015,98
3,SODA-DIET,1,,67.6,1.99,0.02943787,2.943786982,0,0,MAR2015,99
3,SODA-DIET,1,,67.6,1.99,0.02943787,2.943786982,0,0,MAR2015,100
3,SODA-DIET,1,,67.6,1.99,0.02943787,2.943786982,0,0,MAR2015,102
3,SODA-DIET,1,,20,1.99,0.0995,9.95,0,0,MAR2015,105
3,ENERGY-DIET,1,,6,2.49,0.415,41.5,0,0,MAR2015,108
3,SODA-DIET,1,,20,1.99,0.0995,9.95,0,0,MAR2015,112
3,ENERGY-DIET,1,,8.4,2.29,0.272619048,27.26190476,0,0,MAR2015,113
3,ENERGY-DIET,1,,6,2.29,0.381666667,38.16666667,0,0,MAR2015,114
3,SODA,1,,144,6.99,0.048541667,4.854166667,1,1,MAR2015,117
3,SODA,1,,67.6,2.67,0.039497041,3.949704142,1,0,MAR2015,125
3,SODA,1,,66,1.99,0.030151515,3.015151515,1,1,MAR2015,129
3,SODA,1,,20,1.99,0.0995,9.95,1,1,MAR2015,130
3,SPORT,1,,32,2.31,0.0721875,7.21875,1,1,MAR2015,137
3,MILK,1,LOW FAT MILK,64,5.69,0.08890625,8.890625,0,0,MAR2015,144
3,MILK,1,WHOLE MILK,64,5.69,0.08890625,8.890625,0,0,MAR2015,146
3,ENERGY,1,,6,2.49,0.415,41.5,1,0,MAR2015,162
3,SODA,1,,144,6.99,0.048541667,4.854166667,1,1,MAR2015,163
3,SODA,1,,33.8,2.67,0.078994083,7.899408284,1,0,MAR2015,170
3,SODA,1,,144,6.99,0.048541667,4.854166667,1,1,MAR2015,181
3,SODA,1,,20,1.99,0.0995,9.95,1,0,MAR2015,189
3,SODA,1,,67.6,2.67,0.039497041,3.949704142,1,0,MAR2015,190
3,ENERGY,1,,8.4,2.29,0.272619048,27.26190476,1,0,MAR2015,193
3,ENERGY,1,,6,2.29,0.381666667,38.16666667,1,0,MAR2015,195
3,TEA,1,,6,1.59,0.265,26.5,1,0,MAR2015,207
3,SODA,1,,144,6.99,0.048541667,4.854166667,1,1,MAR2015,16
3,SODA,1,,20,1.99,0.0995,9.95,1,0,MAR2015,214
3,SODA,1,,67.6,2.67,0.039497041,3.949704142,1,0,MAR2015,215
3,SODA,1,,20,1.99,0.0995,9.95,1,0,MAR2015,219
3,JUICE,1,,59,4.99,0.084576271,8.457627119,0,0,MAR2015,231
3,JUICE,1,COCONUT WATER,16.9,2.99,0.176923077,17.69230769,0,0,MAR2015,232
2,TEA,2,,23,1.06,0.046086957,4.608695652,1,0,MAR2015,32
2,SODA,2,,12,0.84,0.07,7,1,0,MAR2015,58
2,SODA,2,,20,1.95,0.0975,9.75,1,0,MAR2015,59
2,SODA,2,,67.6,2.79,0.041272189,4.127218935,1,0,MAR2015,60
2,SODA-DIET,2,,20,1.95,0.0975,9.75,0,0,MAR2015,61
2,WATER,2,,33.8,1.46,0.043195266,4.319526627,0,0,MAR2015,76
2,SODA-DIET,2,,67.6,2.79,0.041272189,4.127218935,0,0,MAR2015,97
2,SODA-DIET,2,,12,0.84,0.07,7,0,0,MAR2015,104
2,SODA-DIET,2,,20,1.95,0.0975,9.75,0,0,MAR2015,105
2,SODA-DIET,2,,12,0.84,0.07,7,0,0,MAR2015,106
2,ENERGY-DIET,2,,6,2.17,0.361666667,36.16666667,0,0,MAR2015,108
2,SODA-DIET,2,,12,0.84,0.07,7,0,0,MAR2015,111
2,SODA-DIET,2,,20,1.95,0.0975,9.75,0,0,MAR2015,112
2,ENERGY-DIET,2,,8.4,2.17,0.258333333,25.83333333,0,0,MAR2015,113
2,ENERGY-DIET,2,,6,2.17,0.361666667,36.16666667,0,0,MAR2015,114
2,SODA,2,,12,0.84,0.07,7,1,0,MAR2015,126
2,SODA,2,,20,2,0.1,10,1,1,MAR2015,130
2,SPORT,2,,20,1.33,0.0665,6.65,1,1,MAR2015,139
2,ENERGY,2,,6,2.17,0.361666667,36.16666667,1,0,MAR2015,162
2,SODA,2,,12,0.84,0.07,7,1,0,MAR2015,171
2,SODA,2,,12,0.84,0.07,7,1,0,MAR2015,188
2,SODA,2,,20,1.95,0.0975,9.75,1,0,MAR2015,189
2,SODA,2,,67.6,2.79,0.041272189,4.127218935,1,0,MAR2015,190
2,ENERGY,2,,8.4,2.17,0.258333333,25.83333333,1,0,MAR2015,193
2,ENERGY,2,,6,2.17,0.361666667,36.16666667,1,0,MAR2015,195
2,TEA,2,,6,3.28,0.546666667,54.66666667,1,0,MAR2015,196
2,TEA-DIET,2,,6,1.95,0.325,32.5,0,0,MAR2015,206
2,TEA,2,,6,1.95,0.325,32.5,1,0,MAR2015,207
2,SODA,2,,12,0.84,0.07,7,1,0,MAR2015,213
2,SODA,2,,20,1.95,0.0975,9.75,1,0,MAR2015,214
2,SODA,2,,67.6,2.79,0.041272189,4.127218935,1,0,MAR2015,215
2,JUICE,2,COCONUT WATER,16.9,2.17,0.128402367,12.84023669,0,0,MAR2015,232
8,MILK,2,WHOLE MILK,128,4.99,0.038984375,3.8984375,0,0,MAR2015,42
8,MILK,2,WHOLE MILK,64,3.99,0.06234375,6.234375,0,0,MAR2015,43
8,SODA,2,,12,0.99,0.0825,8.25,1,0,MAR2015,58
8,SODA,2,,67.6,2.24,0.033136095,3.313609467,1,0,MAR2015,60
8,WATER,2,,23.6,1.39,0.058898305,5.889830508,0,0,MAR2015,77
8,SODA-DIET,2,,67.6,2.24,0.033136095,3.313609467,0,0,MAR2015,97
8,SODA-DIET,2,,12,0.89,0.074166667,7.416666667,0,0,MAR2015,104
8,SODA-DIET,2,,12,0.99,0.0825,8.25,0,0,MAR2015,106
8,SODA-DIET,2,,12,0.99,0.0825,8.25,0,0,MAR2015,111
8,SODA-DIET,2,,20,1.89,0.0945,9.45,0,0,MAR2015,112
8,ENERGY-DIET,2,,8.4,2.24,0.266666667,26.66666667,0,0,MAR2015,113
8,SODA,2,,20,1.89,0.0945,9.45,1,1,MAR2015,119
8,SODA,2,,67.6,2.99,0.044230769,4.423076923,1,0,MAR2015,125
8,ENERGY,2,,6,2.29,0.381666667,38.16666667,1,0,MAR2015,162
8,SODA,2,,20,1.89,0.0945,9.45,1,0,MAR2015,172
8,SODA,2,,12,0.99,0.0825,8.25,1,0,MAR2015,188
8,SODA,2,,20,1.89,0.0945,9.45,1,0,MAR2015,189
8,SODA,2,,67.6,2.24,0.033136095,3.313609467,1,0,MAR2015,190
8,JUICE,2,COCONUT WATER,16.9,2.99,0.176923077,17.69230769,0,1,MAR2015,192
8,ENERGY,2,,8.4,2.49,0.296428571,29.64285714,1,0,MAR2015,193
8,ENERGY,2,,6,2.28,0.38,38,1,0,MAR2015,195
8,TEA,2,,6,3.66,0.61,61,1,0,MAR2015,196
8,SODA,2,,12,0.89,0.074166667,7.416666667,1,0,MAR2015,213
8,SODA,2,,20,1.89,0.0945,9.45,1,0,MAR2015,214
8,SODA,2,,67.6,2.39,0.03535503,3.535502959,1,0,MAR2015,215
8,JUICE,2,,12,1.89,0.1575,15.75,0,0,MAR2015,230
8,JUICE,2,COCONUT WATER,16.9,2.99,0.176923077,17.69230769,0,0,MAR2015,232
11,SODA-DIET,1,,12,0.62,0.051666667,5.166666667,0,1,MAR2015,88
11,SODA-DIET,1,,72,3.69,0.05125,5.125,0,1,MAR2015,89
11,WATER,1,,49.5,1.99,0.04020202,4.02020202,0,1,MAR2015,134
11,WATER,1,,101.4,5.99,0.059072978,5.90729783,0,1,MAR2015,135
11,SODA,1,,12,0.62,0.051666667,5.166666667,1,1,MAR2015,147
11,SODA,1,,72,3.69,0.05125,5.125,1,1,MAR2015,148
11,WATER,1,,23.6,0.29,0.012288136,1.228813559,0,1,MAR2015,168
11,WATER,1,,50,0.49,0.0098,0.98,0,1,MAR2015,169
11,SODA,1,,33,2.88,0.087272727,8.727272727,1,1,MAR2015,177
11,JUICE,1,,64,4.49,0.07015625,7.015625,0,1,MAR2015,226
11,JUICE,1,,64,5.99,0.09359375,9.359375,0,1,MAR2015,227
11,JUICE,1,,64,2.99,0.04671875,4.671875,0,1,MAR2015,228
11,TEA,1,,33.8,1.49,0.04408284,4.408284024,1,1,MAR2015,19
11,JUICE,1,,16,1.99,0.124375,12.4375,0,1,MAR2015,229
11,MILK,1,WHOLE MILK,128,2.89,0.022578125,2.2578125,0,1,MAR2015,20
11,MILK,1,WHOLE MILK,64,1.99,0.03109375,3.109375,0,1,MAR2015,21
11,JUICE,1,COCONUT WATER,33,3.69,0.111818182,11.18181818,0,1,MAR2015,239
11,JUICE,1,COCONUT WATER,11,1.49,0.135454545,13.54545455,0,1,MAR2015,240
20,TEA,3,,23,0.99,0.043043478,4.304347826,1,0,MAR2015,32
20,TEA,3,,23,0.99,0.043043478,4.304347826,1,0,MAR2015,33
20,MILK,3,LOW FAT MILK,64,2.59,0.04046875,4.046875,0,0,MAR2015,41
20,MILK,3,WHOLE MILK,64,2.59,0.04046875,4.046875,0,0,MAR2015,43
20,JUICE DRINK,3,,60,3.99,0.0665,6.65,1,1,MAR2015,5
20,SODA,3,,144,6.19,0.042986111,4.298611111,1,1,MAR2015,50
20,SODA,3,,20,1.99,0.0995,9.95,1,0,MAR2015,59
20,SODA-DIET,3,,144,6.19,0.042986111,4.298611111,0,1,MAR2015,81
20,SODA-DIET,3,,144,6.19,0.042986111,4.298611111,0,1,MAR2015,85
20,SODA-DIET,3,,144,6.19,0.042986111,4.298611111,0,1,MAR2015,91
20,TEA-DIET,3,,23,0.99,0.043043478,4.304347826,0,0,MAR2015,103
20,SODA-DIET,3,,20,1.99,0.0995,9.95,0,0,MAR2015,105
20,ENERGY-DIET,3,,6,1.99,0.331666667,33.16666667,0,0,MAR2015,108
20,SODA-DIET,3,,20,1.99,0.0995,9.95,0,0,MAR2015,110
20,SODA-DIET,3,,20,1.99,0.0995,9.95,0,0,MAR2015,112
20,ENERGY-DIET,3,,8.4,2.29,0.272619048,27.26190476,0,0,MAR2015,113
20,ENERGY-DIET,3,,6,2.49,0.415,41.5,0,0,MAR2015,114
20,SODA,3,,144,6.19,0.042986111,4.298611111,1,1,MAR2015,117
20,SPORT,3,,28,2.79,0.099642857,9.964285714,1,0,MAR2015,140
20,MILK,3,LOW FAT MILK,64,5.99,0.09359375,9.359375,0,0,MAR2015,144
20,MILK,3,WHOLE MILK,64,5.99,0.09359375,9.359375,0,0,MAR2015,146
20,ENERGY,3,,6,1.99,0.331666667,33.16666667,1,0,MAR2015,162
20,SODA,3,,144,6.19,0.042986111,4.298611111,1,1,MAR2015,163
20,SODA,3,,20,1.99,0.0995,9.95,1,0,MAR2015,172
20,SODA,3,,144,6.19,0.042986111,4.298611111,1,1,MAR2015,181
20,SODA,3,,20,1.99,0.0995,9.95,1,0,MAR2015,189
20,ENERGY,3,,8.4,2.29,0.272619048,27.26190476,1,0,MAR2015,193
20,ENERGY,3,,6,2.49,0.415,41.5,1,0,MAR2015,195
20,TEA,3,,6,3.99,0.665,66.5,1,0,MAR2015,196
20,SODA,3,,144,6.19,0.042986111,4.298611111,1,1,MAR2015,16
20,SODA,3,,20,1.99,0.0995,9.95,1,0,MAR2015,214
20,SODA,3,,20,1.99,0.0995,9.95,1,0,MAR2015,219
20,JUICE,3,,12,1.79,0.149166667,14.91666667,0,0,MAR2015,230
20,JUICE,3,COCONUT WATER,16.9,2.99,0.176923077,17.69230769,0,0,MAR2015,232
21,JUICE,1,COCONUT WATER,17.6,1.99,0.113068182,11.30681818,0,1,MAR2015,22
21,SODA,1,,66,1.99,0.030151515,3.015151515,1,1,MAR2015,23
21,MILK,1,WHOLE MILK,128,3.29,0.025703125,2.5703125,0,1,MAR2015,1
21,MILK,1,WHOLE MILK,64,2.19,0.03421875,3.421875,0,1,MAR2015,2
21,JUICE,1,,62.37,2.99,0.047939715,4.793971461,0,1,MAR2015,25
21,WATER,1,,23.6,0.69,0.029237288,2.923728814,0,0,MAR2015,77
21,TEA,1,,16,1.69,0.105625,10.5625,1,1,MAR2015,151
21,TEA,1,,6,2.99,0.498333333,49.83333333,1,0,MAR2015,196
